1884 3204
123 127 177 175 P.
217 127 469 178 PAPINI‘
495 127 700 176 STATI

120 262 219 312 huc
253 264 373 312 ades
408 272 457 312 et
491 271 622 311 totos
656 251 708 310 in
743 274 958 323 poenam
993 255 1155 307 ordire
1189 266 1396 321 nepotes
1420 279 1431 308 ε

123 342 276 394 indue
312 345 449 407 quod
485 342 743 391 madidum
778 340 897 389 tabo
933 338 1166 391 diadema
1199 339 1414 389 cruentis

123 423 372 488 unguibus
407 422 613 486 abripui,
652 420 880 483 votisque
914 418 1147 469 instincta
1181 419 1397 481 paternis

121 504 137 553 i
173 504 338 554 media
372 504 425 552 in
458 505 641 562 fratres,
678 500 870 565 generis
905 499 1154 549 consortia
1186 501 1314 549 ferro

122 585 377 636 dissiliant.
449 585 527 644 da,
565 582 786 632 Tartarei
820 581 989 645 regina
1023 580 1251 640 barathri,
1732 591 1756 631 8
1763 603 1785 643 5

124 668 261 730 quod
296 665 495 728 cupiam
530 663 712 714 vidisse
747 665 899 723 nefaS,
939 679 1034 711 nec
1069 663 1210 711 tarda
1245 671 1477 725 sequetur

124 763 265 796 mens
300 746 566 806 iuvenum3
614 745 768 794 modo
803 743 955 807 digna
988 741 1132 792 veni:
1180 759 1292 791 mea
1325 742 1531 806 pignora
1565 747 1772 795 nosces.'

191 826 333 876 Talia
368 825 554 875 dicenti
590 823 802 874 crudelis
839 823 954 873 diva
989 839 1185 873 severos

123 907 333 958 advertit
367 905 926 956 vultus—inamoenum
962 906 1089 954 forte
1124 904 1333 953 sedebat

125 990 353 1052 Cocyton
387 987 534 1047 iuxta,
571 988 885 1049 resolutaque
919 984 1100 1035 vertice
1134 984 1282 1034 crinis
1735 1006 1791 1049 90

124 1070 342 1118 lambere
377 1069 666 1131 sulphureas
701 1066 987 1131 permiserat
1020 1065 1265 1129 anguibus
1299 1066 1528 1115 undas-—

125 1149 258 1199 ilicet
292 1149 405 1213 igne
442 1147 575 1197 Iovis
611 1147 860 1211 lapsisque
895 1145 1089 1197 citatior
1122 1145 1263 1195 astris

125 1230 345 1280 tristibus
380 1227 573 1278 exsiluit
607 1228 754 1292 ripis:
803 1227 1016 1278 discedit
1049 1226 1198 1276 inane

126 1313 300 1375 vulgus
335 1319 385 1360 et
420 1326 654 1360 occursus
690 1308 927 1360 dominae
961 1317 1140 1372 pavet3
1186 1307 1269 1357 illa
1302 1324 1391 1372 per
1425 1307 1625 1357 umbras

127 1402 177 1442 et
211 1391 465 1455 caligantis
501 1390 776 1439 animarum
812 1389 1038 1439 examine
1072 1405 1277 1453 campos
1736 1410 1788 1450 ⁹5

128 1472 401 1522 Taenariae
434 1472 587 1521 limen
621 1471 745 1535 petit
779 1470 1098 1521 inremeabile
1132 1479 1317 1534 portae.

198 1553 361 1603 Sensit
395 1555 569 1602 adesse
604 1552 725 1613 dies,
763 1552 907 1616 piceo
942 1569 1042 1602 nox
1076 1551 1224 1601 obvia
1259 1550 1433 1601 nimbo

130 1634 339 1684 lucentis
375 1633 588 1683 turbavit
623 1650 810 1697 equos3
857 1635 1030 1697 procul
1064 1634 1247 1682 arduus
1279 1634 1419 1682 Atlas

131 1714 319 1765 horruit
347 1712 403 1763 'et
438 1714 591 1764 dubia
625 1716 818 1764 caelum
855 1714 1045 1764 cervice
1080 1714 1279 1763 remisit.

131 1796 298 1860 arripit
333 1797 582 1859 extemplo
619 1797 815 1846 Maleae
850 1797 915 1845 de
949 1797 1075 1845 valle
1110 1811 1367 1859 resurgens
1717 1814 1795 1846 100

133 1886 309 1926 notum
344 1875 436 1924 iter
469 1876 534 1924 ad
569 1875 803 1936 Thebas3
850 1892 1015 1939 neque
1050 1875 1184 1925 enim
1219 1875 1436 1925 velocior
1469 1877 1592 1925 ullas

131 1957 269 2020 itque
304 1956 530 2019 reditque
563 1955 665 2004 vias
700 1965 971 2019 cognatave
1005 1958 1210 2005 Tartara
1243 1958 1443 2005 mavult.

135 2047 336 2088 centum
371 2036 442 2084 illi
477 2045 662 2085 stantes
697 2037 995 2086 umbrabant
1030 2053 1115 2086 ora
1151 2046 1379 2097 cerastae,

135 2119 279 2168 turba
314 2117 480 2166 minax
514 2116 607 2166 diri
641 2116 846 2180 capitis;
894 2118 1035 2167 sedet
1067 2117 1200 2166 intus
1234 2117 1422 2166 abactis

136 2201 290 2249 ferrea
323 2200 407 2247 lux
442 2197 611 2257 oculis,
650 2197 808 2260 qualis
843 2214 930 2261 per
964 2197 1136 2246 nubila
1171 2198 1401 2248 Phoebes
1724 2217 1798 2260 105

139 2278 337 2328 Atracia
371 2278 515 2327 rubet
549 2287 652 2327 arte
687 2278 859 2338 labor3
907 2279 1091 2327 suffusa
1125 2295 1321 2328 veneno

136 2359 357 2410 tenditur
389 2376 448 2407 ac
484 2358 619 2408 sanie
653 2358 814 2422 gliscit
848 2358 973 2408 cutis
990 2377 1004 2420 3
1052 2359 1223 2422 igneus
1258 2368 1365 2408 atro

196 2488 246 2526 81
278 2491 455 2537 penates
475 2485 534 2525 ed.
551 2485 701 2527 Parm.
719 2486 833 2538 quod
848 2486 928 2525 sibi
944 2485 1161 2536 adrogavit
1175 2484 1360 2525 Koestlin
1470 2487 1523 2535 83
1552 2486 1716 2537 abripui
1737 2488 1803 2527 P:

139 2541 289 2592 abrupi
309 2555 340 2578 ω
423 2542 626 2580 instructa
650 2542 709 2591 (in
728 2547 820 2592 sup.
835 2546 900 2579 tru
915 2540 1009 2592 scr.)
1037 2540 1077 2590 Q
1184 2542 1238 2590 85
1264 2540 1406 2579 ‘multi
1422 2541 1618 2580 disiciant
1630 2541 1779 2591 legunt
1793 2544 1803 2557 ¹

141 2594 179 2634 L
359 2595 410 2644 87
431 2595 558 2633 modo
579 2595 725 2647 digna]
759 2595 896 2646 modo,
915 2595 1026 2645 diva,
1043 2593 1291 2633 Lachmann
1324 2599 1363 2633 et
1381 2594 1554 2633 Mueller
1579 2596 1653 2645 qui
1677 2597 1803 2635 etiam

141 2651 293 2699 digna.
317 2678 327 2689 .
355 2679 365 2689 .
386 2662 516 2688 nosse
526 2651 750 2700 proposuit.
827 2649 951 2688 Mens
967 2650 1180 2696 iuvenum,
1204 2662 1270 2688 me
1283 2649 1412 2699 digna
1431 2663 1440 2687 :
1459 2650 1571 2699 veni,
1591 2662 1685 2689 mea
1706 2655 1806 2688 tem-

136 2703 311 2754 ptabam
331 2704 375 2741 in
398 2703 527 2742 Class.
551 2703 650 2743 Rev.
666 2704 779 2744 xviii.
817 2716 834 2741 1
949 2705 1003 2742 88
1032 2703 1205 2743 iactanti
1223 2703 1267 2742 A
1380 2704 1434 2752 89
1462 2704 1603 2743 vultus
1619 2704 1804 2744 inamoe-

143 2770 244 2797 num
265 2758 372 2797 forte
394 2757 433 2807 Q
454 2761 566 2810 (nam
586 2764 677 2808 sup.
701 2771 800 2797 num
819 2757 872 2798 al.
895 2762 974 2808 m.)
997 2758 1035 2807 Q
1239 2770 1316 2796 102
1345 2763 1614 2807 cognataque
1643 2756 1805 2807 PLQA

147 2825 225 2861 104
256 2812 399 2850 minax
429 2812 704 2852 Lachmann:
751 2813 892 2852 minor
922 2813 1033 2853 codd.
1186 2814 1308 2852 sedet
1328 2818 1417 2863 sup.
1438 2812 1510 2853 lin.
1527 2812 1572 2851 D
