1884 3204
971 77 1458 130 ACHILLEIDOS
1496 79 1711 128 LIBER
1749 76 1775 127 1

111 232 261 281 tende
295 230 517 280 animum
553 230 749 294 vigilem
785 231 1156 293 fecundumque
1191 230 1320 294 erige
1355 238 1558 294 pectus:

110 328 211 360 non
248 311 370 359 mihi
406 310 515 374 quis
550 320 718 359 vatum
754 309 918 359 dubiis
954 310 1005 358 in
1041 310 1237 359 casibus
1272 310 1400 359 ausit

107 393 207 440 fata
241 391 407 440 videre
441 391 601 455 prior.'
672 390 851 440 subicit
885 390 1079 454 gavisus
1115 390 1312 450 Vlixes:
1695 407 1772 450 545

27 518 30 519 γ
111 475 122 496 ‘
143 471 222 520 Sic
258 473 381 520 deus
417 471 734 535 omnipotens
770 472 943 531 firmet,
983 470 1052 519 sic
1087 472 1274 519 adnuat
1309 470 1391 520 illa

107 551 241 615 virgo
276 561 480 615 paterna
514 550 638 600 tibi!
686 553 774 601 sed
810 568 891 600 me
927 568 1038 615 spes
1074 550 1262 599 lubrica
1296 553 1484 600 tardat:

106 634 290 695 grande
326 632 559 695 equidem
595 641 838 680 armatum
874 631 1043 680 castris
1079 630 1314 680 inducere
1350 631 1596 680 Achillem
1616 648 1630 692 3

48 756 50 758 ,
106 713 194 761 sed
230 712 270 760 si
306 714 404 761 fata
439 721 634 776 negent,
672 729 822 775 quam
857 713 1060 761 foedum
1097 729 1155 761 ac
1190 711 1326 761 triste
1360 712 1567 762 reverti!

104 803 218 851 vota
252 802 419 842 tamen
457 796 686 842 Danaum
723 810 827 842 non
862 793 1155 856 intemptata
1189 793 1477 857 relinquam.
1684 811 1772 855 550

103 874 300 937 iamque
334 876 462 924 adeo
497 883 582 923 aut
616 874 772 924 aderit
807 891 1004 923 mecum
1042 874 1236 924 Peleius
1271 876 1430 935 heros,

101 963 186 1003 aut
221 972 390 1004 verum
426 955 623 1019 penitus
658 958 776 1004 latet
811 965 859 1004 et
895 955 1000 1005 sine
1035 955 1268 1020 Apolline
1305 956 1545 1006 Calchas.'

171 1036 501 1085 Conclamant
539 1035 700 1084 Danai
736 1035 1052 1100 stimulatque
1088 1039 1400 1099 Agamemno
1434 1034 1675 1084 volentis:

99 1117 322 1164 laxantur
356 1126 527 1165 coetus
562 1118 874 1180 resolutaque
910 1134 1159 1166 murmure
1193 1119 1322 1166 laeto

98 1196 296 1259 agmina
331 1196 608 1257 discedunt,
648 1199 818 1260 quales
853 1197 951 1246 iam
987 1207 1134 1246 nocte
1169 1197 1448 1261 propinqua
1686 1216 1763 1259 555

99 1294 127 1326 e
162 1286 306 1340 pastu
341 1279 615 1327 referuntur
648 1295 777 1338 aves,
816 1280 893 1327 vel
928 1278 980 1326 in
1014 1287 1153 1326 antra
1186 1277 1362 1327 reverti

99 1361 243 1408 melle
279 1376 410 1408 novo
444 1358 667 1422 gravidas
703 1357 834 1406 mitis
870 1358 1005 1407 videt
1042 1359 1212 1420 Hybla
1247 1368 1478 1406 catervas.

97 1457 190 1489 nec
226 1456 375 1499 mora,
404 1438 502 1488 iam
539 1440 732 1488 dextras
770 1438 1015 1487 Ithacesia
1050 1439 1280 1487 carbasus
1315 1455 1457 1487 auras

96 1519 268 1582 poscit,
309 1529 358 1568 et
393 1519 444 1567 in
479 1518 626 1568 remis
662 1518 826 1566 hilaris
862 1519 1033 1568 sedere
1068 1518 1312 1568 iuventus.

162 1603 230 1649 At
264 1603 437 1663 procul
473 1602 732 1649 occultum
759 1599 868 1648 falsi
905 1600 997 1649 sub
1033 1599 1248 1666 imagine
1283 1616 1426 1649 sexus
1676 1607 1761 1661 560

95 1681 350 1730 Aeaciden
385 1684 514 1731 furto
549 1681 648 1730 iam
683 1690 886 1730 noverat
922 1698 1021 1729 una
1055 1680 1227 1730 latenti

97 1761 373 1811 Deidamea
406 1762 598 1823 virum3
646 1764 734 1811 sed
770 1771 970 1825 opertae
1006 1761 1206 1811 conscia
1241 1764 1416 1826 culpae

93 1852 273 1891 cuncta
306 1853 452 1906 pavet
486 1843 759 1906 tacitasque
794 1852 934 1906 putat
970 1842 1149 1891 sentire
1184 1859 1387 1892 sorores.

93 1940 309 1987 namque
344 1934 398 1973 ut
432 1924 650 1987 virgineo
686 1924 819 1973 stetit
854 1924 904 1972 in
940 1941 1083 1988 grege
1119 1925 1270 1973 durus
1306 1923 1526 1974 Achilles

92 2005 397 2069 exsolvitque
432 2008 606 2055 rudem
642 2005 861 2069 genetrix
895 2005 1111 2069 digressa
1144 2008 1400 2070 pudorem,
1678 2016 1757 2069 565

92 2085 315 2148 protinus
352 2086 498 2150 elegit
533 2086 781 2146 comitem,
821 2103 1123 2149 quamquam
1160 2086 1322 2136 omnis
1357 2087 1407 2135 in
1445 2086 1584 2136 illum

91 2166 234 2215 turba
268 2166 380 2226 coit,
420 2167 702 2230 blandeque
737 2184 890 2216 novas
926 2167 995 2215 nil
1031 2169 1127 2216 tale
1162 2167 1355 2216 timenti

88 2248 323 2296 admovet
357 2247 588 2297 insidias:
635 2247 769 2296 illam
807 2247 1124 2312 sequiturque
1158 2249 1436 2313 premitque

90 2327 359 2392 improbus,
396 2328 530 2378 illam
566 2328 722 2378 oculis
757 2328 1034 2392 iterumque
1063 2329 1340 2393 iterumque
1375 2330 1590 2380 resumit.

18 2454 19 2457 ,
91 2425 225 2458 nunc
259 2409 441 2458 nimius
477 2409 615 2458 lateri
651 2427 753 2459 non
789 2410 1015 2459 evitantis
1051 2402 1285 2471 inhaeret,
1673 2429 1756 2473 570

143 2549 223 2587 543
253 2543 378 2588 pecto
411 2537 453 2576 P
479 2540 646 2588 (pectus
673 2551 742 2578 rec.
775 2539 854 2588 m.)
876 2536 1032 2589 :'pect;
1064 2539 1152 2590 (sic)
1187 2538 1229 2577 E
1473 2527 1561 2591 544*
1583 2554 1679 2580 nam
1708 2542 1759 2593 kq

89 2593 171 2641 548
197 2594 360 2642 grande
391 2593 587 2642 equidem
618 2593 671 2643 kq
696 2607 704 2631 :
757 2595 918 2642 grande
952 2593 1122 2644 quidem
1153 2594 1219 2632 E:
1260 2595 1464 2644 grandem
1496 2596 1692 2646 equidem
1717 2597 1760 2634 P

86 2647 110 2685 ὃ
131 2647 280 2685 castris
297 2660 323 2696 q
446 2659 523 2696 551
556 2648 665 2686 adeo
685 2648 822 2686 aderit
841 2647 883 2685 P
1001 2660 1081 2698 554
1112 2648 1276 2688 laxatur
1294 2649 1336 2687 E
1456 2662 1535 2700 555
1565 2651 1699 2700 qualis
1717 2650 1761 2689 P

85 2703 167 2750 556
195 2714 298 2751 apes
320 2714 346 2751 q
548 2702 628 2751 558
657 2701 858 2741 ithacesia
878 2702 957 2740 nk:
988 2703 1151 2741 ithacus
1172 2704 1252 2742 iam
1272 2702 1354 2754 PQ
1374 2717 1443 2743 rec.
1468 2719 1524 2744 m.
1675 2719 1758 2756 559

85 2756 140 2793 ad
162 2767 304 2794 remos
324 2768 350 2805 q
478 2755 637 2795 hilares
656 2756 722 2806 Pq
942 2759 1024 2805 560
1052 2759 1104 2796 ad
1124 2757 1166 2794 Ρ
1382 2760 1459 2808 561
1492 2767 1698 2799 noverant
1717 2759 1761 2798 P

87 2808 292 2848 latentem
311 2810 338 2847 k
464 2812 546 2860 562
577 2810 811 2849 Deidamea
829 2810 871 2848 P
888 2811 943 2863 (et
958 2818 1127 2862 semper,
1151 2825 1159 2850 ε
1191 2812 1411 2852 Deidamia
1431 2818 1514 2853 cett.
1675 2815 1756 2864 563

87 2876 143 2918 an
163 2869 253 2957 tutzli
272 2866 424 2957 pavEetZ
535 2866 617 2916 564
651 2866 781 2904 durus
801 2870 865 2917 Hq
883 2879 892 2904 :
923 2865 1062 2906 clarus
1081 2867 1108 2905 k
1125 2866 1235 2907 codd.
1257 2866 1349 2908 dett.
1452 2870 1534 2919 569
1563 2868 1697 2907 revixi
1717 2869 1760 2907 E

82 2929 165 2967 570
191 2931 216 2957 a
251 2931 276 2957 a
298 2948 307 2957 .
