1884 3204
938 70 1348 120 THEBAIDOS
1386 72 1599 121 LIBER
1635 74 1709 121 VI

0 263 1 266 ,
67 212 401 267 Labdacides:
447 211 573 258 lassa
607 206 756 257 veluti
793 205 980 255 ratione
1016 205 1244 269 magister

64 295 116 346 in
149 296 337 350 fluctuS,
375 290 426 339 in
461 304 575 338 saxa
609 286 704 336 ruit
738 302 831 335 nec
867 285 964 334 iarn
1000 284 1212 348 amplius
1246 294 1376 334 astra

59 357 256 440 'respicit
289 380 338 422 et
371 370 548 419 victam
584 366 789 432 proiecit
823 365 1018 415 casibus
1053 374 1222 414 artem.

131 455 318 504 Rursus
352 447 639 515 praecipites
675 446 726 495 in
761 455 893 496 recta
926 462 984 494 ac
1020 445 1163 494 devia
1197 445 1360 509 campi

62 533 318 598 obliquant
351 530 660 591 tenduntque
695 526 814 587 vias,
849 526 1023 575 iterum
1059 525 1231 574 axibus
1267 543 1381 575 axes
1628 546 1710 587 455

47 607 245 679 'inflietss
281 609 526 672 radiisque
561 616 724 656 rotae:
771 622 865 670 pax
900 606 1035 654 nulla
1070 606 1324 668 fidesque(

53 694 191 755 bella
222 690 323 756 geri
356 692 482 740 ferro
517 687 684 747 leviuS,
723 688 853 737 bella
888 685 1085 735 horrida
1119 687 1322 747 credas,-

60 765 104 825 ἰδ’
134 773 266 823 furor
298 770 349 819 in
383 770 568 818 laudes.
642 767 888 832 trepidant
923 775 1233 830 mortemque
1269 766 1532 826 minantur,

61 842 312 915 multaque
347 848 628 899 transversis
663 847 1029 912 praestringitur
1063 849 1247 911 ungula
1281 846 1482 911 campis.

63 948 155 984 nec
189 931 286 981 iam
322 929 570 980 sufficiunt
605 929 807 990 stimuli,
841 945 943 977 non
979 929 1215 990 verbera3
1260 945 1383 978 voce
1633 935 1716 988 460

61 1011 444 1075 nominibusque
478 1010 610 1060 cient
646 1011 869 1060 Pholoen
906 1010 1150 1058 Admetus
1186 1018 1235 1059 et
1271 1009 1373 1058 Irin

55 1094 434 1155 *fumantemque
468 1093 662 1151 Thoen,
699 1089 926 1154 rapidum
964 1088 1215 1139 Danaeius
1250 1106 1403 1154 augur

62 1174 316 1224 Ascheton
352 1171 649 1236 increpitans
686 1170 1015 1234 meritumque
1050 1170 1292 1219 vocabula
1327 1171 1572 1234 Cygnum.

61 1253 199 1304 audit
233 1262 283 1302 et
320 1254 625 1302 Herculeum
661 1253 889 1314 Strymon
928 1250 1182 1310 Chromin,
1226 1252 1438 1299 Euneon
1475 1249 1615 1299 audit

63 1334 233 1399 igneus
269 1332 522 1392 Aethion3
566 1333 861 1395 tardumque
897 1332 1108 1394 Cydona
1142 1330 1336 1380 lacessit
1634 1336 1716 1389 465

65 1414 428 1480 HippodamuS,
467 1414 762 1476 tardumque
802 1413 971 1461 Thoas
1013 1420 1151 1474 rogat
1185 1411 1254 1460 ire
1292 1412 1562 1460 Podarcen.

64 1497 195 1547 solus
233 1493 532 1544 Echionides
569 1502 758 1542 errante
794 1491 987 1541 silentia
1021 1508 1163 1540 curru

64 1585 250 1627 maesta
282 1585 417 1626 tenet
452 1574 741 1638 trepidaque
776 1573 916 1623 timet
953 1590 1005 1623 se
1042 1589 1165 1623 voce
1200 1572 1352 1622 fateri.

130 1656 345 1706 Vixdum
382 1664 587 1720 coeptus
624 1654 764 1718 equis
799 1654 951 1715 labor,
991 1663 1040 1704 et
1074 1653 1172 1703 iam
1209 1655 1408 1718 pulvere
1444 1663 1619 1717 quarto

65 1752 295 1801 campum
330 1736 517 1796 ineunt,
554 1735 760 1799 iamque·
788 1745 836 1785 et
872 1735 1051 1800 tepidis
1088 1735 1350 1785 sudoribus
1386 1744 1518 1784 artus
1636 1751 1718 1797 470

65 1818 208 1879 effeti,
247 1827 295 1867 et
330 1834 546 1867 crassum
582 1817 707 1880 rapit
741 1816 1017 1880 eiectatque
1052 1833 1284 1880 vaporem

26 1902 30 1906 ’
65 1899 387 1964 cornipedum
423 1900 674 1948 flammata
708 1897 826 1958 sitis,
865 1915 958 1947 nec
994 1898 1091 1947 iam
1128 1898 1316 1961 integer
1350 1896 1444 1946 illis

67 1980 292 2044 impetus,
332 1990 380 2030 et
414 1978 550 2043 longi
585 1981 894 2043 suspendunt
929 1978 1011 2028 ilia
1045 1980 1205 2028 flatus.

67 2060 149 2110 hic
182 2077 365 2125 anceps
401 2062 618 2110 Fortuna
651 2059 738 2109 diu
774 2061 1037 2109 decernere
1073 2061 1284 2124 primum

68 2158 188 2191 ausa
221 2141 366 2191 venit.
438 2140 547 2202 ruit,
587 2140 927 2190 Haemonium
965 2142 1085 2190 dum
1122 2139 1335 2189 fervidus
1372 2139 1519 2189 instat
1635 2157 1718 2202 475

70 2223 341 2273 Admetum
378 2238 618 2286 superare,
657 2223 839 2282 ThoaS‚
877 2238 971 2270 nec
1006 2220 1202 2286 pertulit
1236 2222 1386 2269 ullam

70 2305 214 2352 stater
247 2319 408 2367 opem.
480 2302 596 2351 velit
631 2302 712 2352 ille
748 2302 965 2366 quidem,
1004 2303 1092 2351 sed
1129 2300 1338 2350 Martius
1373 2310 1488 2351 ante

69 2382 258 2434 obstitit
295 2382 645 2447 Hippodamus
682 2382 970 2447 mediasque
1005 2382 1208 2432 immisit
1244 2383 1476 2432 habenas.

70 2481 183 2523 mox
220 2463 449 2515 Chromis
487 2464 865 2528 Hippodamum
903 2473 1063 2515 metae
1099 2463 1338 2513 interioris
1373 2465 1439 2513 ad
1475 2463 1644 2513 orbem

43 2608 45 2611 ’
124 2606 202 2644 457
230 2593 368 2632 levius
387 2593 475 2632 sero
495 2592 540 2632 D
720 2594 798 2643 458
828 2593 865 2632 is
882 2591 1075 2643 BKNQ:
1105 2593 1171 2632 his
1191 2592 1235 2632 D
1254 2608 1264 2632 ε
1292 2593 1324 2632 it
1344 2593 1387 2632 P
1492 2593 1638 2633 laudes
1657 2593 1719 2634 P:

68 2649 193 2689 laude
212 2654 277 2687 est
294 2648 363 2687 ωδ
569 2649 649 2697 462
675 2647 986 2698 fumantemque
1005 2648 1069 2687 P:
1099 2647 1365 2697 funalemque
1384 2647 1453 2687 wS
1582 2685 1586 2688 ,
1642 2650 1722 2697 464

67 2708 236 2754 trymon
255 2700 298 2741 P
403 2703 482 2751 465
513 2702 764 2752 tardumque
784 2702 963 2752 Cydona
980 2701 1063 2741 PD
1084 2716 1093 2741 ε
1122 2703 1284 2741 tardum
1302 2702 1510 2752 calydona
1526 2701 1689 2751 BNQA
1712 2717 1722 2741 z

0 2806 2 2819 ζ
69 2757 232 2797 tardum
253 2756 461 2807 celydona
480 2755 526 2794 K
684 2758 766 2805 466
793 2757 1042 2805 tardumque
1063 2756 1127 2796 P:
1156 2756 1403 2806 variumque
1422 2756 1721 2808 (phariumque

70 2809 133 2862 N)
149 2810 219 2850 &S
405 2822 482 2860 471
514 2809 751 2861 eiectatque
769 2809 900 2849 PDN
915 2823 926 2849 ε
954 2811 1213 2860 iniectatque
1230 2810 1356 2861 BKQ
1532 2823 1610 2859 472
1640 2811 1721 2849 iam

0 2859 1 2870 ³
73 2877 153 2905 om.
173 2863 218 2902 D
346 2877 424 2915 474
453 2864 551 2904 hinc
572 2864 612 2915 Q
733 2865 815 2915 476
842 2865 1019 2916 pertulit
1039 2865 1098 2917 A,
1113 2864 1324 2905 Baehrens
1345 2879 1355 2905 t
1393 2865 1594 2915 praetulit
1615 2864 1725 2903 Pws
