1884 3204
29 23 38 146 ἐ
899 79 1313 128 THEBAIDOS
1351 80 1566 127 LIBER
1602 80 1734 127 VIII

29 180 35 315 ἐ
80 219 264 285 colligit
297 227 346 269 et
379 217 547 268 leviter
580 225 719 266 moto
754 218 889 280 fugat
923 226 1052 266 astra
1086 219 1314 281 flagello:

30 321 34 365 1
79 299 343 352 concilium
377 315 459 347 rex
493 296 626 346 triste
660 305 816 356 vocat,
856 306 1198 360 quaeruntque
1232 306 1503 360 gementes,
1657 314 1733 358 ²75

6 384 34 457 j
79 379 188 445 quis
222 378 438 444 tripodas
473 393 725 426 successor
759 386 888 440 agat,
922 394 1024 440 quo
1059 377 1264 442 provida
1300 379 1464 426 laurus

27 459 46 520 1v
77 468 289 511 transeat
321 467 470 521 atque
505 457 681 506 orbum
716 456 864 506 vittae
901 458 1066 507 decus.
1139 459 1275 506 haud
1312 474 1461 516 mora,
1502 456 1667 506 cuncti

27 526 31 561 ⁵
73 539 314 604 insignem
348 539 479 587 fama
513 546 783 600 sanctoque
821 539 1144 601 Melampode
1181 547 1376 601 cretum

75 617 441 669 Thiodamanta
473 616 658 675 volunt,
697 614 898 678 quicum
934 614 1040 678 ipse
1074 631 1253 664 arcana
1288 616 1496 664 deorum

29 682 30 685 Ἴ
73 687 239 762 partiri
273 703 322 745 et
356 694 481 744 visas
516 694 603 743 uni
638 694 824 744 sociare
860 695 1052 745 solebat
1654 704 1735 744 280

66 774 401 839 ,Amphiaraus
435 774 551 835 avis,
589 784 853 839 tantaeque
887 777 1023 825 haud
1058 775 1255 826 invidus
1291 774 1407 824 artis

73 856 320 921 gaudebat
354 855 453 905 dici
488 855 699 905 similem
733 855 967 920 iuxtaque
1003 858 1301 906 secundum.

72 934 211 985 illum
246 935 417 999 ingens
452 936 712 985 confundit
747 938 908 986 honos
944 936 1248 1001 inopinaque
1286 937 1450 986 turbat

13 998 21 1035 Ξ
71 1015 225 1080 gloria
258 1024 308 1064 et
342 1016 532 1065 oblatas
566 1017 765 1066 frondes
801 1017 1073 1067 submissus
1108 1019 1293 1077 adorat,

12 1152 15 1156 ,
72 1098 224 1160 seque
258 1095 395 1145 oneri
429 1105 576 1160 negat
610 1114 718 1146 esse
752 1115 919 1162 parem
955 1098 1163 1162 cogique
1199 1107 1443 1147 meretur:
1652 1107 1731 1159 285

13 1199 17 1219 1
73 1177 199 1226 sicut
233 1177 598 1226 Achaemenius
633 1177 809 1227 solium
846 1178 1105 1242 gentisque
1140 1188 1367 1243 paternas
1585 1173 1588 1177 ⁴

11 1255 17 1322 J
73 1255 264 1320 excepit
298 1256 339 1304 si
373 1258 497 1306 forte
531 1273 669 1320 puer,
705 1257 785 1306 cui
819 1258 980 1308 vivere
1015 1269 1205 1322 patrem

71 1336 236 1398 tutius,
275 1335 460 1386 incerta
494 1337 758 1387 formidine
792 1338 971 1401 gaudia
1005 1339 1166 1399 librat,

10 1407 15 1453 -⁵
71 1433 138 1468 an
170 1416 258 1466 fidi
291 1433 530 1480 procereS‚
570 1434 634 1466 ne
668 1427 855 1482 pugnet
890 1420 1063 1482 vulgus
1099 1419 1322 1480 habenis,

72 1496 152 1548 cui
185 1499 311 1546 latus
347 1498 642 1561 Euphratae,
681 1497 762 1546 cui
799 1499 979 1563 Caspia
1013 1499 1184 1548 limina
1220 1501 1437 1552 mandet.
1650 1521 1730 1563 290

54 1594 263 1642 sumere
297 1585 416 1626 tunc
450 1594 591 1626 arcus
627 1577 889 1642 ipsumque
925 1596 1127 1629 onerare
1162 1590 1354 1629 veretur

70 1657 220 1723 patris
255 1674 453 1721 equum,
491 1657 723 1721 visusque
759 1658 852 1707 sibi
888 1676 982 1709 nec
1017 1669 1210 1724 sceptra
1245 1660 1416 1725 capaci

6 1739 11 1806 ,ξ’
72 1746 344 1792 sustentare
380 1754 530 1786 manu
566 1755 659 1787 nec
694 1740 860 1788 adhuc
895 1739 1099 1803 implere
1136 1740 1323 1790 tiaram.

7 1878 36 1882 .
136 1819 303 1881 Atque
338 1817 378 1866 is
414 1818 501 1866 ubi
535 1818 718 1867 intorto
753 1819 960 1882 signavit
995 1822 1172 1870 vellere
1207 1821 1392 1871 crinem

6 1901 9 1919 ¹
71 1897 400 1961 convenitque
435 1898 555 1958 deis,
593 1899 734 1947 hilari
767 1917 855 1963 per
889 1910 1046 1949 castra
1082 1904 1295 1950 tumultu
1649 1924 1727 1966 295

5 1984 9 2029 ζ
69 1977 204 2028 vadit
239 1994 390 2026 ovans
426 1995 499 2038 ae,
538 1978 695 2042 prima
731 1979 806 2028 sui
842 1982 1156 2041 documenta,
1181 1984 1424 2032 sacerdos

5 2041 7 2117 f
68 2060 292 2108 tellurem
329 2060 522 2122 placare
558 2069 727 2123 parat:
774 2078 869 2109 nec
903 2061 1064 2110 futtile
1099 2063 1297 2112 maestis

70 2136 123 2186 id
157 2137 316 2186 visum
354 2139 552 2188 Danais.
623 2140 843 2203 geminas
879 2159 993 2205 ergo
1029 2142 1159 2192 ilicet
1193 2158 1300 2192 aras

69 2216 326 2266 arboribus
362 2218 483 2268 vivis
519 2228 568 2269 et
602 2222 774 2269 adulto
809 2222 1025 2286 caespite
1059 2223 1157 2272 texi

2 2295 3 2299 ’
69 2295 290 2360 imperat,
327 2298 711 2364 innumerosque
747 2303 882 2362 deae,
922 2320 1010 2351 sua
1045 2321 1260 2364 munera,
1299 2306 1442 2354 flores
1645 2327 1726 2368 300

6 2413 8 2416 ψ
69 2386 119 2426 et
153 2381 378 2428 cumulos
415 2382 608 2444 frugum
645 2390 693 2430 et
729 2382 973 2446 quidquid
1008 2394 1157 2433 novat
1192 2385 1399 2449 impiger
1432 2403 1605 2447 annus,

67 2458 208 2507 addit
243 2468 291 2508 et
325 2459 511 2509 intacto
546 2478 777 2525 spargens
813 2463 980 2512 altaria
1015 2466 1142 2513 lacte

4 2602 6 2604 ’
39 2585 51 2624 ’,
123 2599 200 2636 274
231 2587 381 2627 leviter
400 2595 512 2629 moto
530 2589 596 2629 P:
624 2596 738 2631 moto
759 2591 910 2631 leviter
923 2593 993 2631 ωδ
1145 2595 1225 2643 276
1253 2595 1424 2644 provida
1443 2595 1725 2647 Peyraredus:

69 2641 261 2692 prodigia
291 2641 359 2681 P:
402 2644 570 2693 prodita
598 2645 666 2683 ωδ
834 2659 912 2696 277
941 2653 1037 2686 vate
1073 2647 1163 2698 (rec.
1198 2662 1253 2687 m.
1289 2656 1491 2700 suprascr.
1529 2651 1652 2700 vitte)
1683 2652 1732 2690 N

70 2695 151 2745 289
178 2695 252 2746 ne]
274 2709 329 2734 an
348 2696 393 2735 D
418 2697 511 2737 Cod.
532 2698 677 2750 Magd.
878 2714 959 2750 290
988 2701 1172 2741 eufariae
1199 2703 1270 2742 N:
1298 2703 1477 2742 eufratie
1501 2706 1723 2756 (suprascr.

70 2747 193 2798 sarie)
225 2749 270 2787 D
465 2765 542 2801 291
575 2753 748 2792 vedetur
776 2753 838 2805 (in
867 2763 1036 2794 veretur
1063 2769 1162 2795 corr.
1194 2757 1248 2796 al.
1279 2757 1357 2807 m.)
1386 2757 1452 2807 Q:
1492 2758 1658 2798 videtur
1685 2759 1729 2798 Ρ

69 2814 149 2852 294
177 2804 357 2852 signavit
376 2805 445 2843 ωδ
459 2820 468 2844 :
497 2806 692 2855 signatur
709 2807 753 2846 P
854 2821 932 2858 297
951 2822 1029 2848 nec
1049 2810 1196 2849 inutile
1215 2810 1257 2848 A
1388 2824 1468 2862 299
1494 2813 1593 2852 tecti
1612 2814 1722 2864 (sup.

70 2856 177 2907 texi)
199 2857 238 2906 Q
320 2871 403 2908 300
429 2860 600 2900 numina
617 2860 661 2901 P
764 2875 843 2913 301
875 2862 1059 2903 tumulos
1081 2863 1125 2902 P
1192 2865 1359 2915 inpiger
1376 2864 1440 2906 P:
1471 2866 1640 2916 integer
1658 2867 1728 2907 ωδ

124 2921 240 2954 sur.
260 2924 390 2954 'rr-11:1³.
1561 2923 1613 2964 14
