1884 3204
128 100 181 147 P.
221 99 464 147 ΡΑΡΙΝΙ
502 96 708 148 STATI

151 257 203 298 55
228 240 361 288 fama
394 237 544 287 trucis
578 237 712 299 belli,
741 255 912 302 regum
947 236 1294 303 placidissime,
1332 237 1471 302 quod
1504 251 1640 287 nunc
1851 294 1854 297 ,

229 322 583 383 Europamque
618 319 892 383 Asiamque
926 319 1098 383 quatit.
1170 319 1211 368 si
1246 319 1452 369 nomina
1485 321 1611 369 forte
1718 338 1796 381 730
1837 371 1839 373 .

226 402 325 449 huc
360 402 548 464 perlata
583 401 784 461 ducum,
822 399 931 450 fidit
965 400 1146 464 quibus
1181 402 1311 450 ultor
1343 399 1558 460 Atrides,

227 481 309 531 hic
344 480 450 542 tibi,
488 498 639 544 quem
675 490 812 530 tanta
846 480 1102 530 meliorem
1138 480 1287 544 stirpe
1322 480 1504 530 creavit

226 561 572 626 magnanimus
606 563 823 625 Tydeus,
852 556 1037 610 Ithacis
1072 578 1164 626 ego
1200 563 1377 611 ductor
1410 561 1592 611 Vlixes.

149 651 203 692 60
227 659 377 692 causa
410 641 518 692 viae
555 641 796 707 (metuam
832 641 953 705 quid
989 641 1122 690 enim
1158 641 1248 690 tibi
1283 650 1464 690 cuncta
1497 641 1652 702 fateri,
1858 701 1863 707 ἡ

226 741 342 773 curn
379 722 556 773 Graius
591 733 810 786 notaque
844 723 944 771 fide
979 723 1326 772 celeberrimus
1341 722 1414 787 ?):
1449 723 1579 771 imus
1717 740 1793 786 735
1866 735 1871 790 J

225 806 476 867 explorare
510 804 674 853 aditus
709 803 966 867 invisaque
1000 803 1144 852 litora
1178 803 1371 864 Troiae,

225 886 408 949 quidve
443 887 647 949 parent.'
717 884 886 934 medio
922 901 1150 933 sermone
1185 884 1431 949 intercipit
1465 884 1580 934 ille:

228 971 239 992 ‘
255 966 500 1016 Adnuerit
537 968 768 1026 Fortuna,
807 981 994 1028 precor,
1033 964 1290 1029 dextrique
1325 967 1603 1015 secundent

146 1055 198 1108 65
225 1047 318 1096 ista
353 1047 464 1097 dei!
500 1064 635 1096 nunc
671 1046 888 1111 hospitio
924 1063 1036 1095 mea
1070 1055 1200 1096 tecta
1234 1046 1473 1110 piumque

223 1128 478 1178 inlustrate
513 1130 696 1178 larem.'
766 1127 912 1177 simul
947 1127 1075 1176 intra
1108 1127 1280 1176 limina
1315 1127 1465 1177 ducit.
1715 1145 1792 1189 740
1866 1116 1874 1173 ⁸.-

224 1228 317 1260 nec
353 1227 504 1271 mora,
542 1210 641 1259 iam
677 1226 874 1259 mensas
909 1209 1158 1259 famularis
1194 1210 1339 1258 turba
1373 1218 1608 1273 torosque
1858 1194 1870 1201 ¹

222 1292 430 1341 mstruit.
502 1291 689 1341 interea
722 1291 830 1340 visu
866 1294 1126 1355 perlustrat
1159 1290 1328 1340 Vlixes

220 1383 562 1437 scrutaturque
597 1375 820 1433 domum,
857 1373 899 1422 si
934 1390 1033 1437 qua
1066 1372 1270 1436 vestigia
1303 1388 1512 1436 magnae

146 1473 195 1514 70
219 1454 417 1518 virginis
452 1464 539 1503 aut
573 1454 727 1504 dubia
761 1454 911 1504 facies
946 1463 1176 1518 suspecta
1210 1455 1364 1518 figura
1379 1472 1392 1516 3

220 1536 593 1600 porticibusque
627 1536 761 1600 vagis
797 1546 924 1586 errat
958 1546 1190 1610 totosque
1224 1535 1433 1600 penatis,
1709 1551 1788 1598 745

219 1634 312 1666 ceu
350 1617 564 1678 miretur,
603 1618 741 1667 obit:
788 1620 923 1667 velut
957 1617 1039 1667 ille
1073 1617 1256 1667 cubilia
1290 1618 1503 1681 praedae

219 1698 499 1748 indubitata
533 1708 708 1748 tenens
744 1708 884 1748 muto
919 1699 1035 1763 legit
1069 1716 1183 1747 arva
1219 1701 1446 1748 Molosso

219 1790 438 1840 venator,
475 1780 642 1830 videat
677 1782 839 1829 donec
875 1781 969 1829 sub
1004 1780 1263 1829 frondibus
1299 1782 1496 1829 hostem

146 1879 193 1923 75
218 1871 501 1925 porrectum
537 1878 717 1911 somno
753 1862 1043 1925 positosque
1077 1861 1130 1910 in
1164 1860 1381 1925 caespite
1416 1860 1593 1910 dentis.
1864 1924 1867 1925 ⁷

288 1945 482 1992 Rumor
516 1943 567 1992 in
603 1960 782 1992 arcana
815 1943 1111 1992 iamdudum
1145 1941 1405 2006 perstrepit
1439 1944 1566 2002 aula,
1706 1957 1788 2003 750

218 2024 489 2088 virginibus
524 2042 624 2088 qua
658 2026 759 2074 fida
793 2026 989 2085 domus,
1026 2023 1221 2073 venisse
1257 2025 1519 2087 Pelasgum
1870 2013 1875 2018 ⁵

148 2144 150 2147 -
217 2107 449 2156 ductores
486 2106 787 2170 Graiamque
822 2115 977 2155 ratem
1012 2105 1276 2169 sociosque
1309 2115 1548 2169 receptos.

217 2204 335 2236 aure
370 2198 553 2251 pavent
587 2187 743 2249 aliae3
789 2189 879 2237 sed
913 2187 994 2236 vix
1029 2204 1159 2237 nova
1193 2186 1374 2251 gaudia
1407 2189 1536 2236 celat

140 2278 194 2318 80
219 2268 416 2318 Pelides
451 2269 728 2339 avidusque
764 2286 880 2319 suos
917 2271 1093 2319 heroas
1129 2278 1179 2319 et
1212 2285 1350 2318 arma

174 2411 251 2448 733
281 2398 448 2439 ithacus
467 2399 510 2438 P
674 2412 753 2450 734
784 2399 897 2438 enim
917 2404 1069 2439 cuncta
1089 2400 1162 2438 tibi
1183 2399 1304 2438 fateri
1323 2399 1365 2439 P
1508 2410 1586 2450 735
1617 2398 1786 2449 gravius
1843 2371 1880 2431 ³·-

115 2453 179 2492 P:
213 2454 327 2502 grais
345 2454 387 2493 E
513 2454 625 2494 imus
660 2460 698 2494 11
728 2460 765 2493 et
786 2454 825 2504 Q
845 2456 897 2506 (2)
919 2469 927 2493 ε
956 2467 1066 2493 unus
1085 2458 1167 2493 cett.
1372 2455 1451 2504 738
1483 2454 1729 2505 dextrisque
1747 2453 1803 2494 P
1843 2486 1847 2494 .

117 2521 196 2558 739
225 2508 308 2546 ista
327 2509 407 2547 sibi
429 2507 468 2558 Q
479 2515 547 2560 pr.
570 2523 628 2550 m.
703 2522 778 2560 741
809 2510 999 2560 domosq.
1017 2511 1240 2561 (suprascr.
1259 2510 1394 2561 toros)
1411 2508 1450 2558 Q
1525 2521 1603 2558 744
1618 2508 1726 2548 facie
1747 2509 1787 2560 Q

115 2564 276 2613 figurae
297 2562 339 2600 P
451 2565 531 2612 746
549 2565 637 2603 obit
655 2563 858 2602 Heinsius
876 2577 885 2602 :
905 2564 994 2606 adit
1013 2563 1125 2603 codd.
1227 2577 1303 2614 747
1325 2570 1443 2604 muto
1463 2567 1500 2602 Π
1522 2576 1531 2601 :
1550 2562 1682 2602 multo
1700 2562 1786 2614 KQ

115 2631 194 2668 749
223 2630 387 2656 summo
407 2618 448 2657 E
560 2618 601 2657 in
621 2619 767 2669 specie
787 2618 846 2656 E¹
960 2630 1034 2668 751
1068 2618 1275 2668 Pelasgos
1293 2618 1335 2656 E
1443 2629 1521 2668 752
1549 2617 1784 2668 Graiasque

112 2673 154 2710 E
179 2672 269 2722 (sed
282 2673 434 2724 ratem)
534 2685 614 2723 753
628 2686 711 2712 om.
734 2672 812 2723 K1,
837 2671 933 2711 add.
958 2673 1024 2710 K2
1116 2686 1218 2711 aure
1233 2672 1470 2724 scripstcoll.
1495 2672 1612 2712 Theb.
1629 2672 1655 2711 i.
1672 2673 1783 2722 366.
1794 2708 1795 2712 ,
1829 2673 1875 2703 ’Ὗ

115 2728 252 2765 Lurea
269 2727 398 2778 (cum.
421 2740 503 2767 ras.
509 2728 621 2779 ,fuat
637 2727 797 2778 Aurea)
818 2727 887 2766 E:
916 2727 1008 2766 iure
1041 2726 1154 2766 PK:
1188 2728 1276 2780 isre
1298 2735 1364 2778 (ex
1383 2727 1472 2766 iure
1491 2726 1614 2779 corr.)
1635 2725 1700 2776 Q:
1721 2726 1782 2765 ire
1826 2743 1830 2774 g

112 2781 318 2819 Schrader
510 2795 621 2821 nova
664 2781 769 2833 HQ:
815 2794 894 2821 sua
943 2782 991 2821 K
1035 2782 1144 2821 unde
1188 2795 1320 2822 versut
1362 2794 1441 2832 754
1480 2792 1581 2821 suos
1628 2781 1789 2820 restitui

114 2889 192 2927 754
225 2891 360 2918 novos
389 2878 500 2919 codd.
508 2878 657 2930 ,quod
681 2877 803 2928 (sort.
839 2891 889 2917 ex
906 2847 1042 2918 uesuos
1062 2878 1218 2931 ortum)
1234 2881 1405 2930 propter
1421 2891 1531 2919 nova
1551 2879 1666 2930 (753)
1676 2878 1789 2930 ferri
1841 2938 1845 2940 Y
1869 2892 1874 2932 ³1

807 2944 828 2966 0

110 2974 254 3024 nequit
271 2988 279 3014 :
307 2975 543 3025 avidosque
562 2987 699 3015 novos
719 2975 844 3015 heras
861 2975 905 3014 P
