1884 3204
124 0 183 49 P.
223 1 465 50 PAPINI
501 0 582 51 ST
585 0 706 50 ΑΤΙ
785 4 787 6 ’

131 139 391 187 Ancaeum
428 147 477 187 et
511 140 660 202 longa
693 139 962 202 pellentem
998 137 1206 202 cuspide
1233 135 1386 203 'rupes
1777 194 1779 196 ,

132 217 371 281 Iphit0n3
416 227 467 267 at
502 227 609 268 toto
645 218 934 268 manifestus
968 218 1020 268 in
1054 218 1251 283 agmine
1287 234 1433 283 supra
1467 226 1541 268 est
1709 236 1805 277 400⁴
1883 231 1884 234 ’

133 298 618 362 Amphitryoniades,
655 316 975 364 puppemque
1010 302 1226 349 alternus
1262 297 1510 362 utrimque
1708 298 1714 306 ’

131 379 351 442 ingravat
387 389 435 429 et
471 380 660 430 medias
695 382 835 430 ardet
869 381 1172 430 descendere
1206 380 1258 428 in
1294 381 1468 428 undas.

131 469 182 509 at
217 459 337 509 levis
374 469 422 509 et
458 461 665 510 miserae
700 463 927 511 nondum
963 460 1086 509 mihi
1121 470 1269 510 notus
1306 461 1457 508 Iason

131 550 340 590 transtra
374 557 462 604 per
498 551 547 591 et
581 559 744 592 remos
779 542 1117 606 impressaque
1153 550 1287 605 terga
1320 540 1536 590 virorum

132 639 268 671 nunc
303 639 540 686 magnum
577 623 824 683 Oeniden,
861 640 997 672 nunc
1031 623 1114 672 ille
1149 621 1425 672 hortatibus
1459 622 1588 671 Idan
1713 634 1796 679 405

131 712 182 752 et
217 705 429 752 Talaum
465 713 514 753 et
549 721 674 753 cana
708 714 956 754 rorantem
991 704 1250 768 aspargine
1284 703 1427 768 ponti

132 784 455 847 Tyndariden
489 785 670 834 iterans
705 785 955 849 gelidique
989 786 1042 834 in
1078 786 1212 835 nube
1246 783 1462 850 parentis

132 868 241 914 vela
275 865 521 914 laboranti
558 866 733 916 Calain
770 867 1063 915 subnectere
1099 868 1232 915 malo

133 962 257 995 voce
292 963 545 1010 manuque
580 955 718 1009 rogat
734 965 748 1008 3
801 946 1030 1010 quatiunt
1065 945 1361 1011 impulsibus
1395 945 1467 994 illi

133 1044 269 1076 nunc
303 1029 442 1088 freta,
478 1038 613 1076 nu'nc
648 1044 830 1087 muros,
869 1029 959 1077 sed
993 1044 1088 1076 nec
1123 1026 1405 1091 spumantia
1441 1027 1627 1076 cedunt
1720 1036 1827 1086 410⁷

132 1124 350 1171 aequora
384 1117 433 1157 et
468 1107 695 1158 incussae
730 1110 940 1157 redeunt
974 1125 1004 1156 a
1038 1107 1252 1157 turribus
1287 1109 1471 1156 hastae.

133 1188 240 1253 ipse
274 1189 432 1252 gravis
468 1191 648 1239 fluctus
685 1192 979 1254 clavumque
1014 1189 1185 1239 audire
1220 1198 1486 1253 negantem

133 1273 283 1319 lassat
318 1286 469 1334 agens
505 1270 696 1335 Tiphys
732 1273 986 1335 palletque
1020 1280 1069 1321 et
1103 1269 1316 1335 plurima
1351 1277 1510 1318 mutat

136 1351 343 1415 imperia
376 1369 436 1401 ac
471 1354 634 1402 laevas
670 1355 966 1417 dextrasque
1002 1354 1269 1416 obtorquet
1305 1351 1357 1400 in
1393 1353 1553 1401 undas

135 1450 331 1496 proram
366 1433 626 1497 navifragis
661 1434 858 1484 avidam
895 1450 1187 1483 concurrere
1223 1433 1363 1493 saxis,
1721 1449 1803 1492 415

136 1516 300 1563 donec
335 1515 400 1564 ab
436 1524 684 1565 extremae
719 1532 881 1565 cuneo
917 1515 1032 1564 ratis
1067 1518 1272 1565 Aesone
1306 1523 1452 1564 natus

139 1595 387 1644 Palladios
423 1598 577 1656 oleae,
617 1596 788 1660 Mopsi
822 1596 1110 1661 gestamina,
1148 1612 1313 1645 ramos

137 1676 310 1726 extulit
345 1686 393 1726 et
429 1676 620 1726 socium
657 1678 802 1727 turba
835 1677 1133 1741 prohibente
1168 1676 1400 1742 poposcit

137 1760 368 1819 foedera3
408 1758 702 1822 praecipites
737 1775 913 1808 vocem
949 1759 1199 1809 involvere
1234 1759 1493 1823 procellae.

138 1849 258 1889 tunc
293 1841 473 1889 modus
509 1857 773 1901 armorum,
811 1841 1092 1905 pariterque
1127 1843 1364 1891 exhausta
1399 1840 1626 1905 quierant
1723 1857 1834 1899 420*

138 1921 353 1982 flamina,
391 1923 702 1986 confusoque
739 1922 845 1972 dies
880 1923 1092 1986 respexit
1129 1923 1360 1986 Olympo,

140 2002 499 2066 quinquaginta
533 2002 603 2051 illi
639 2003 862 2053 trabibus
898 2006 963 2053 de
999 2020 1137 2053 more
1171 2002 1403 2053 revinctis

139 2082 334 2133 eminus
369 2085 581 2148 abrupto
617 2084 847 2148 quatiunt
882 2102 1012 2134 nova
1046 2085 1190 2134 litora
1225 2086 1365 2144 saltu,

141 2181 434 2228 magnorum
471 2167 652 2215 decora
686 2169 785 2215 alta
819 2175 1028 2230 patrum,
1068 2166 1167 2216 iam
1203 2168 1365 2216 fronte
1401 2163 1560 2214 sereni

142 2246 485 2310 noscendique
520 2247 709 2308 habitu,
747 2257 1014 2312 postquam
1051 2259 1219 2297 tumor
1252 2247 1423 2310 iraque
1458 2244 1605 2296 cessit
1725 2263 1805 2304 425

143 2327 374 2377 vultibus.
447 2345 628 2378 arcana
662 2329 732 2378 sic
768 2331 900 2378 fama
935 2347 1192 2394 erumpere
1228 2338 1371 2393 porta

140 2409 414 2470 caelicolas,
453 2409 494 2459 si
529 2412 733 2474 quando
769 2413 948 2461 domos
983 2411 1199 2474 litusque
1233 2410 1499 2459 rubentum

196 2552 278 2589 399
306 2538 522 2577 Antheum
541 2539 622 2579 NS
729 2539 961 2589 pallentem
981 2538 1072 2579 PS1
1235 2552 1319 2588 400
1347 2537 1525 2577 attonito
1551 2534 1730 2588 (atonito
1752 2533 1811 2586 Q)
1847 2562 1852 2575 2

143 2593 274 2642 codd.‚
294 2607 394 2633 corr.
419 2593 566 2633 Menke
689 2606 770 2643 405
800 2593 1069 2633 hortantibus
1089 2593 1132 2633 P
1146 2598 1185 2632 et
1201 2607 1295 2633 cum
1316 2593 1441 2632 litura
1461 2592 1502 2631 Β
1519 2606 1528 2631 :
1560 2588 1812 2643 hortaltibus

145 2648 185 2698 Q
363 2649 444 2696 408
474 2648 678 2687 laboranti
699 2649 865 2700 Bentley
884 2663 894 2688 z
931 2649 1194 2688 laborantem
1214 2647 1326 2688 codd.
1506 2644 1812 2702 416‘extre1'n0

142 2702 189 2739 N
367 2715 450 2751 420
481 2703 681 2752 quierunt
720 2701 826 2742 B2N
1000 2716 1080 2752 422
1113 2703 1313 2743 reiunctis
1346 2701 1385 2752 Q
1567 2711 1647 2750 425
1677 2704 1813 2739 tumor

143 2756 336 2807 Bentley:
364 2758 495 2797 timor
512 2757 623 2798 codd.
793 2759 875 2808 426
903 2757 1014 2797 fama
1034 2763 1098 2798 est
1117 2757 1162 2797 D
1806 2758 1810 2760 ’
