1884 3204
110 49 181 102 nP.
222 55 463 104 ΡΑΡΙΝΙ
501 53 705 105 STATI

128 191 332 257 imperia
367 203 416 244 et
451 196 635 244 furtum
670 197 802 245 claro
837 196 1071 260 plangore
1105 188 1319 247 fatentur
1370 191 1374 195 ’

127 288 342 335 securae,
380 275 566 341 quippe
601 293 751 326 omne
785 276 956 326 vident
991 277 1189 327 fluxisse
1223 280 1445 327 cadaver.
1707 298 1786 341 455
1852 341 1855 346 ,

128 355 345 404 ambitur
379 373 526 405 saeva
561 359 624 406 de
660 367 820 407 morte
854 358 1178 422 animosaque
1213 359 1298 408 leti
1857 347 1859 349 ’

128 452 240 498 spes
275 437 420 485 furit:
467 439 591 486 haec
626 438 783 504 fratris
819 439 1052 502 rapuisse,
1091 441 1215 488 haec
1250 438 1474 502 coniugis
1508 448 1641 488 artus

127 519 439 566 contendunt
473 518 766 582 vicibusque
800 521 1026 583 probant.
1104 522 1240 583 ‘Ego
1275 536 1468 583 corpus,
1507 537 1599 583 ego
1633 519 1773 583 ignis,
1843 510 1859 586 s

127 614 207 646 me
242 598 418 661 pietas,
452 616 533 648 me
568 600 707 648 duxit
741 602 938 648 amor':
974 602 1244 663 deposcere
1279 616 1425 648 saeva

125 678 367 742 supplicia
401 688 450 728 et
484 681 678 728 dextras
713 679 848 728 iuvat
882 679 1115 728 insertare
1149 678 1351 728 catenis.
1703 670 1790 742 460

126 775 373 822 nusquam
409 759 492 807 illa
526 759 726 808 alternis
762 761 918 808 modo
952 776 1080 822 quae
1115 758 1388 808 reverentia
1420 759 1595 819 verbis,
1841 746 1846 750 ⁴

124 839 246 887 iram
282 839 557 902 odiumque
591 849 735 902 putes
751 858 765 901 3
811 849 977 889 tantus
1013 840 1266 889 discordat
1298 839 1546 903 utrimque

124 922 323 980 clamor,
362 929 412 968 et
445 922 511 968 ad
545 937 711 983 regem
747 920 834 983 qui
869 922 1176 983 deprendere
1212 922 1482 970 trahuntur.

191 1003 260 1048 At
295 1003 466 1063 procul
504 1001 703 1050 Actaeis
739 1003 909 1050 dextra
943 1001 1042 1049 iam
1079 1003 1281 1050 Pallade
1315 1001 1468 1064 muris

125 1081 256 1128 Iuno
292 1082 578 1129 Phoroneas
614 1080 806 1129 inducit
841 1081 1037 1144 praevia
1072 1090 1252 1130 matres
1706 1087 1788 1142 465
1846 1134 1850 1138 .

122 1160 370 1220 attonitas,
409 1178 513 1210 non
548 1161 655 1225 ipsa
689 1161 868 1222 minus,
907 1170 1207 1225 coetumque
1241 1170 1523 1224 gementem
1847 1158 1850 1159 ⁷

121 1240 353 1290 conciliat
387 1242 583 1304 populis
619 1251 668 1290 et
702 1241 937 1290 flentibus
969 1242 1111 1290 addit
1143 1243 1400 1291 honorem.

122 1321 229 1385 ipsa
264 1339 415 1370 manu
451 1339 715 1385 ramosque
751 1325 891 1371 oleae
926 1322 1172 1386 vittasque
1206 1322 1451 1386 precantis

121 1402 283 1463 tradit,
322 1412 371 1452 et
407 1404 614 1452 obtenta
649 1403 940 1452 submittere
975 1403 1165 1452 lumina
1198 1406 1330 1467 palla
1843 1468 1845 1470 η

121 1492 171 1532 et
205 1485 447 1546 praeferre
483 1485 632 1532 docet
665 1501 844 1532 vacuas
882 1483 988 1532 sine
1025 1484 1254 1533 manibus
1289 1500 1450 1533 urnaS.
1704 1475 1788 1544 470
1827 1502 1856 1539 ζ,

122 1564 284 1613 omnis
322 1564 615 1614 Erechtheis
651 1566 806 1613 effusa
839 1565 1103 1628 penatibus
1139 1574 1274 1614 aetas

120 1654 251 1694 tecta
284 1642 488 1708 viasque
523 1647 743 1708 replent:
790 1647 925 1694 unde
961 1647 1058 1694 hoe
1093 1662 1300 1694 examen
1338 1654 1386 1694 et
1420 1661 1521 1693 una

120 1734 194 1774 tot
230 1725 475 1774 miserae?
510 1726 730 1774 necdum
765 1742 938 1773 causas
975 1742 1159 1774 novere
1194 1728 1451 1786 malorum,

120 1805 319 1869 iamque
353 1815 571 1869 gemunt.
645 1807 742 1854 dea
779 1805 1001 1854 conciliis
1041 1823 1093 1855 se
1133 1806 1309 1855 miscet
1348 1806 1568 1868 utrisque
1832 1862 1834 1866 y

119 1895 300 1935 cuncta
334 1888 536 1945 docens,
569 1903 668 1949 qua
703 1895 849 1949 gente
885 1896 1032 1946 satae,
1061 1903 1189 1949 quae
1221 1889 1394 1935 funera
1425 1888 1673 1950 plangant,
1701 1895 1783 1947 475'
1837 1879 1847 1911 ³

120 1967 303 2030 quidve
345 1976 516 2031 petant
532 1986 545 2028 3
603 1966 747 2015 variis
783 1984 877 2016 nec
913 1984 1015 2016 non
1054 1967 1304 2016 adfatibus
1341 1967 1477 2031 ipsae
1515 1989 1517 1991 ·

121 2047 335 2111 Ogygias
370 2050 502 2111 leges
540 2046 1029 2110 immansuetumque
1065 2049 1283 2097 Creonta

119 2131 332 2177 multum
365 2138 414 2177 et
446 2128 634 2191 ubique
667 2130 897 2177 fremunt.
971 2128 1176 2177 Geticae
1208 2145 1311 2177 non
1346 2130 1488 2192 plura
1515 2117 1785 2192 queruntur

119 2209 398 2273 hospitibus
433 2209 576 2258 tectis
610 2218 789 2258 trunco
823 2226 1050 2258 sermone
1084 2211 1322 2268 volucres,
1781 2220 1784 2223 “
1825 2263 1827 2266 ,
1854 2271 1857 2274 ⁴

120 2307 249 2342 cum,
271 2290 482 2354 duplicis
519 2292 763 2339 thalamos
803 2298 851 2339 et
892 2289 1120 2353 iniquum
1157 2292 1317 2338 Terea
1352 2291 1597 2346 clamant.⁴
1699 2298 1783 2351 480‘
1835 2323 1838 2358 1

187 2372 324 2420 Vrbe
359 2371 450 2419 fuit
486 2370 652 2420 media
686 2370 810 2419 nulli
845 2387 1084 2420 concessa
1117 2379 1379 2434 potentum
1828 2384 1831 2385 ’

174 2510 255 2548 454
285 2499 484 2548 clangore
501 2498 544 2537 P
662 2509 742 2548 455
772 2498 927 2548 quippe
947 2511 1029 2537 om.
1052 2496 1149 2537 add.
1171 2504 1262 2549 sup.
1287 2497 1358 2537 lin.
1380 2496 1425 2534 D
1544 2500 1626 2547 456
1653 2497 1782 2547 ambif
1836 2532 1838 2534 .

120 2552 235 2602 gitur
263 2552 356 2590 DN
360 2552 418 2590 2A
595 2552 743 2602 saeva]
781 2565 856 2590 seu
881 2551 930 2590 N
1099 2564 1180 2602 459
1208 2553 1320 2601 cogit
1338 2564 1460 2590 amor
1477 2550 1520 2589 A
1623 2564 1627 2568 ·
1702 2554 1782 2601 46έ
1823 2575 1825 2578 <

119 2612 281 2644 tantum
310 2607 349 2656 Q
512 2608 592 2655 463
621 2606 947 2667 deprehendere
978 2605 1062 2644 PB
1175 2606 1431 2653 †trahebant
1463 2604 1511 2642 N
1515 2606 1530 2628 ²
1564 2604 1652 2644 edd.
1687 2610 1777 2645 vett.
1828 2624 1843 2633 >-

120 2662 199 2709 465
229 2661 393 2711 premia
428 2673 526 2699 corr.
557 2674 600 2698 m
630 2661 775 2710 previa
794 2660 862 2710 Q·
890 2660 1055 2710 premia
1075 2659 1137 2699 vel
1154 2658 1353 2709 previaP
1505 2661 1585 2709 467
1615 2659 1781 2699 fletibus
1795 2655 1826 2712 „J

119 2713 161 2750 Ρ
279 2717 361 2764 469
389 2714 642 2753 submittens
662 2714 707 2752 D
822 2727 899 2763 471
933 2714 1186 2754 Erechtheis
1205 2713 1436 2752 chwtnszus
1465 2712 1692 2752 erichtheis
1711 2712 1781 2752 ΡΞ

122 2774 165 2805 et
187 2769 343 2806 actaeis
363 2767 432 2806 ωδ
553 2781 633 2818 472
662 2767 830 2807 examin
848 2767 911 2805 Pl
1035 2781 1115 2818 474
1150 2768 1211 2806 sic
1230 2767 1272 2805 P
1403 2778 1483 2816 475
1515 2767 1718 2817 plangunt
1737 2760 1786 2806 N

120 2823 201 2870 478
228 2822 384 2861 vetitae
405 2821 448 2859 A
625 2836 706 2872 479
736 2821 932 2874 hospitiis
950 2822 999 2861 N
1153 2824 1235 2872 480
1261 2821 1469 2861 thalamos
1487 2834 1571 2860 om.
1592 2826 1683 2872 sup.
1706 2821 1777 2889 lin,
1806 2819 1829 2874 ᾗ

120 2875 217 2914 add.
240 2875 283 2913 D
446 2877 525 2925 481
555 2877 682 2915 nullis
700 2875 742 2914 P
1804 2875 1822 2896 ¹
