1884 3204
962 74 1375 123 THEBAIDOS
1414 75 1627 121 LIBER
1664 75 1749 122 ΠΙ

164 219 392 269 Bissenos
427 215 604 280 premit
639 232 725 265 ora
758 215 865 264 dies
900 215 1241 278 populumque
1277 214 1529 276 ducesque

43 347 46 357 ,
94 298 298 350 extrahit
330 296 539 346 incertis.
611 305 660 345 et
694 295 792 344 iam
827 310 1056 358 suprema
1090 292 1332 341 Tonantis
1661 313 1740 355 575

94 379 223 430 iussa
255 380 468 428 fremunt
501 392 742 439 agrosque
775 375 888 423 viris
922 383 1436 436 annosaque.vastant

94 459 276 524 oppida
293 476 305 518 3
345 457 639 521 bellipotens
674 472 789 519 prae
825 471 878 504 se
912 456 1036 504 deus
1070 453 1267 516 agmina
1303 454 1485 516 passim

93 539 226 590 mille
259 537 415 602 rapit3
448 537 635 600 liquere
670 537 849 584 domos
884 535 1164 597 dilectaque
1199 534 1313 597 laeti

40 661 44 664 .
92 619 303 670 conubia
338 627 386 667 et
420 617 579 680 primo
613 617 848 680 plorantis
882 614 1052 664 limine
1086 624 1258 663 natos:

74 709 254 757 *tantus
288 699 338 747 in
372 697 606 747 attonitos
642 696 823 746 cecidit
859 698 996 745 deus.
1070 712 1206 744 arma
1240 695 1455 758 paternis
1663 707 1742 755 580

14 816 19 823 -
90 778 312 844 postibus
348 788 396 827 et
431 780 552 827 fixos
588 794 820 841 superum
854 778 920 826 ad
954 776 1222 839 penetralia
1257 793 1426 825 currus

61 862 266 909 .vellere
299 876 437 908 amor
453 877 466 920 3
507 869 626 907 tunc
660 861 788 907 fessa
821 856 951 920 putri
985 856 1207 920 robigine
1242 857 1342 921 pila

90 940 432 1003 haerentisque
467 939 562 988 situ
596 939 785 1003 gladios
820 938 871 987 in
907 955 1052 987 saeva
1086 948 1311 987 recurant

89 1023 289 1070 vulnera
323 1030 372 1070 et
405 1020 570 1070 attrito
605 1029 789 1084 cogunt
822 1019 1137 1068 iuvenescere
1171 1036 1302 1068 saxo.

41 1110 44 1112 ’
91 1101 142 1150 hi
177 1111 354 1151 teretes
389 1103 552 1164 galeas
588 1117 980 1164 magnorumque
1014 1117 1157 1149 aerea
1192 1110 1301 1149 suta
1665 1110 1741 1161 585

90 1184 345 1231 thoracum
381 1191 430 1231 et
464 1182 654 1230 tunicas
690 1182 955 1244 chalybum
991 1183 1217 1243 squalore
1253 1181 1496 1244 crepantis

90 1262 370 1327 pectoribus
406 1272 657 1325 temptare,
695 1262 778 1311 alii
814 1261 1050 1325 Cortynia
1086 1264 1276 1328 lentant

91 1359 276 1392 cornua
298 1362 312 1404 3
358 1343 456 1391 iam
491 1345 640 1392 falces
675 1342 831 1391 avidis
861 1352 910 1391 et
943 1351 1101 1390 aratra
1135 1342 1341 1390 caminis

90 1433 339 1487 rastraque
373 1433 422 1473 et
456 1423 645 1472 incurvi
679 1440 881 1471 saevum
916 1423 1127 1471 rubuere
1163 1422 1365 1486 ligones.

89 1506 294 1554 caedere
329 1521 421 1553 nec
455 1504 641 1553 validas
676 1503 858 1552 sanctis
894 1519 922 1551 e
958 1502 1190 1566 stirpibus
1226 1505 1404 1563 hastas,
1662 1522 1744 1565 590

90 1602 182 1635 nec
216 1587 376 1649 pudor
409 1585 614 1635 emerito
649 1585 863 1648 clipeum
899 1584 1102 1633 vestisse
1136 1584 1361 1635 iuvenco.

158 1668 394 1729 Inrupere
428 1668 587 1729 Argos
622 1664 896 1727 maestique
930 1667 996 1714 ad
1031 1665 1202 1713 limina
1237 1665 1362 1729 regis

90 1746 441 1806 bella'animis,
480 1747 610 1796 bella
643 1746 1010 1807 ore'fremunt3
1046 1746 1083 1794 it
1118 1749 1304 1796 clamor
1338 1749 1403 1796 ad
1438 1764 1594 1808 auras,

11 1890 15 1895 Α
90 1837 302 1892 quantus
337 1827 577 1891 Tyrrheni
611 1828 821 1891 gemitus
857 1827 983 1888 salis,
1022 1837 1108 1876 aut
1144 1828 1230 1877 ubi
1266 1838 1475 1892 temptat

92 1910 372 1958 Enceladus
407 1919 596 1958 mutare
630 1911 791 1970 latus;
838 1926 984 1972 super
1018 1909 1189 1972 igneus
1224 1910 1374 1958 antris
1667 1933 1743 1973 595

93 2008 236 2040 mons
270 2002 421 2052 tonat,
460 1994 711 2041 exundant
744 1991 909 2055 apices
951 1994 1229 2054 fluctusque
1266 1994 1469 2041 Pelorus

92 2073 348 2133 contrahit,
387 2082 435 2121 et
470 2082 631 2136 sperat
666 2074 809 2121 tellus
843 2073 1052 2135 abrupta
1086 2073 1273 2122 reverti.

158 2155 326 2216 Atque
361 2153 442 2201 hic
477 2153 663 2217 ingenti
699 2155 963 2216 Capaneus
1001 2154 1239 2202 Mavortis
1275 2171 1442 2203 amore

93 2233 278 2283 excitus
313 2243 363 2283 et
396 2236 594 2298 longam
629 2234 822 2297 pridem
857 2233 1164 2297 indignantia
1198 2251 1373 2298 pacem
1663 2256 1742 2299 599

92 2316 242 2363 corda
275 2323 470 2364 tumens
506 2314 642 2379 (huic
675 2317 840 2378 ampla
874 2314 1077 2378 quidem
1113 2317 1176 2364 de
1211 2316 1449 2379 sanguine
1483 2317 1644 2380 prisco

90 2395 320 2444 nobilitas
335 2414 349 2456 3
389 2397 477 2445 sed
513 2395 646 2445 enim
681 2395 786 2460 ipse
821 2413 971 2444 manu
1006 2413 1316 2460 praegressus
1350 2414 1554 2447 avorum

144 2535 223 2574 574
251 2523 447 2562 bissenos
468 2554 477 2563 .
494 2554 503 2563 .
520 2552 530 2562 .
553 2525 645 2564 dies
667 2523 725 2563 P:
754 2524 927 2562 bisseno
949 2552 958 2562 .
977 2554 986 2563 .
1006 2554 1015 2563 .
1038 2524 1107 2563 die
1122 2539 1152 2562 ω
1248 2527 1327 2573 582
1359 2537 1428 2563 esa
1445 2525 1590 2573 Jortin
1661 2527 1744 2576 pila

28 2597 30 2599 >
90 2577 133 2616 P
148 2592 157 2616 :
184 2577 268 2617 tela
281 2593 312 2617 ω
412 2580 492 2628 583
520 2591 618 2628 -que
638 2591 721 2617 om.
744 2577 788 2617 P
877 2585 1072 2617 recurant
1090 2579 1132 2617 P
1147 2579 1315 2630 Bentley
1334 2594 1344 2619 :
1372 2588 1570 2619 recurunt
1592 2582 1632 2632 (r
1651 2588 1742 2632 sup.

91 2645 138 2670 ru
158 2631 274 2677 add.)
296 2631 370 2670 D:
407 2639 630 2671 recurvant
650 2647 680 2670 ω
826 2634 906 2682 584
937 2633 1049 2671 ferro
1081 2635 1302 2684 (suprascr.
1337 2635 1457 2683 saxo)
1488 2634 1532 2672 D
1567 2673 1570 2675 ,
1665 2636 1743 2684 585

92 2687 135 2725 hi
155 2685 282 2737 DKQ
303 2700 312 2726 z
343 2686 412 2725 hic
430 2686 566 2725 PBN
579 2700 588 2725 ε
617 2688 699 2725 heu
726 2685 764 2725 S
924 2689 1005 2736 586
1038 2688 1221 2726 tunicam
1243 2689 1284 2727 P
1445 2690 1525 2738 589
1552 2689 1742 2728 insevum

91 2739 205 2779 curvi
224 2740 263 2790 Q
384 2752 572 2790 594-595
593 2746 664 2780 aut
684 2741 753 2779 ubi
773 2770 783 2780 .
808 2771 818 2780 .
844 2771 854 2781 .
877 2741 984 2780 latus
1003 2754 1083 2781 om.
1106 2743 1178 2780 sed
1194 2744 1235 2781 in
1258 2755 1342 2794 mg.
1362 2742 1457 2782 add.
1481 2744 1550 2794 (al.
1572 2757 1630 2782 m.
1649 2744 1684 2795 2>
1706 2744 1744 2782 P

90 2806 169 2846 595
198 2800 359 2834 motare
379 2795 581 2834 Heinsius
688 2808 817 2846 super
834 2794 899 2835 P:
929 2797 1072 2846 procul
1093 2801 1177 2837 cett.
