1884 3204
935 77 1348 126 THEBAIDOS
1385 79 1599 128 LIBER
1635 81 1709 129 VI

61 216 141 269 cui
174 215 340 281 peperi
357 233 373 278 3
418 215 488 263 sic
522 230 682 277 aequa
716 221 915 277 gemant
951 212 1073 261 mihi
1108 214 1280 262 funera
1315 224 1493 264 matres

60 297 305 364 Ogygiae!
373 296 543 345 sternit
577 294 724 343 crinis
759 294 1000 357 iteratque
1035 295 1317 357 precando:

61 377 317 437 ‘Reddite,
354 392 446 425 nec
481 391 595 424 vero
631 376 882 424 crudelem
917 374 1213 438 avidamque
1248 385 1421 425 vocate

54 456 332 522 Sanguinis:
378 456 673 505 occumbam
708 455 900 519 pariter,
939 457 1060 504 dum
1095 457 1296 505 vulnere
1331 456 1461 505 iusto
1632 473 1706 518 ¹75

38 527 329 590 *exsaturata
362 538 547 596 oculos,
585 553 741 585 unum
776 536 1086 599 impellamur
1119 535 1171 584 in
1207 535 1402 600 ignem.'

54 617 170 669 talia
205 617 476 666 vociferans
511 617 607 665 alia
642 617 706 666 de
741 625 878 680 parte
913 625 1194 679 gementem
1338 606 1342 609 ’

56 697 363 762 Hypsipylen
400 697 584 761 (neque
619 697 752 746 enim
787 697 870 745 illa
904 713 1072 746 comas
1109 713 1202 746 nec
1237 706 1438 760 pectora
1473 698 1653 764 servat)

51 777 249 844 fggnovit
282 779 442 841 longe,
480 787 528 827 et
563 778 754 827 socium
790 777 1044 841 indignata
1079 779 1332 827 dolorem:

44 859 204 917 &Hoc
238 859 425 918 saltem,
464 875 495 908 o
530 875 769 922 proceres,
809 868 962 921 tuque
998 875 1046 920 o,
1081 857 1161 907 cui
1197 859 1403 922 pignora
1437 859 1592 908 nostri
1631 869 1710 908 180

48 939 336 1011 proturbata
370 939 478 1000 tori,
516 939 776 1003 prohibete
810 941 996 988 auferte
1033 939 1287 1003 supremis.

48 1018 258 1075 invisam
293 1020 548 1083 exsequias
585 1019 701 1083 quia
736 1037 788 1070 se
823 1020 998 1069 fecisse
1031 1019 1236 1084 paranti,

48 1099 248 1160 nesciat,
287 1099 336 1149 in
374 1100 551 1150 nostris
587 1110 834 1164 spectatur
867 1110 916 1150 et
951 1102 1057 1164 ipsa
1092 1100 1243 1150 ruinis
1267 1102 1318 1149 ?'

51 1181 121 1230 sic
155 1181 236 1241 ait,
272 1181 593 1246 abruptisque
627 1181 879 1231 immutuit
914 1199 998 1232 ore
1035 1181 1259 1245 querelis.
1632 1193 1709 1242 185

50 1275 153 1311 non
188 1278 329 1311 secus
363 1279 435 1322 ac,
474 1264 633 1326 primo
667 1264 943 1312 fraudatum
982 1265 1108 1312 lacte
1145 1264 1407 1311 iuvencum

17 1399 19 1403 y
50 1342 131 1391 cui
165 1342 383 1406 trepidae
417 1342 541 1392 vires
577 1352 626 1392 et
661 1345 794 1391 solus
829 1344 892 1392 ab
928 1343 1080 1392 ubere
1115 1342 1313 1406 sanguis

49 1438 136 1473 seu
171 1425 272 1472 fera
305 1440 391 1472 seu
427 1425 572 1472 duras
607 1423 766 1472 avexit
800 1432 966 1487 pastor
999 1425 1064 1472 ad
1098 1440 1224 1483 aras,

50 1519 183 1553 nunc
217 1506 393 1553 vallem
429 1503 636 1568 spoliata
669 1520 860 1567 parens,
898 1520 1032 1552 nunc
1068 1503 1273 1552 flumina
1309 1513 1501 1566 questu,

49 1601 183 1634 nunc
215 1593 436 1634 armenta
470 1593 635 1633 movet
669 1601 952 1648 vacuosque
987 1583 1252 1648 interrogat
1287 1601 1428 1647 agros
1451 1603 1465 1645 3
1628 1604 1708 1647 190

49 1669 167 1714 tunc
200 1664 332 1729 piget
366 1664 435 1714 ire
470 1666 691 1724 domum,
731 1674 1020 1728 maestoque
1055 1664 1324 1714 novissima
1359 1682 1538 1729 campo

49 1745 146 1795 exit
179 1755 228 1795 et
262 1745 514 1810 oppositas
549 1745 765 1809 impasta
793 1746 1026 1795 avertitur
1060 1747 1252 1795 herbas.

29 1886 34 1890 ι
115 1829 184 1875 At
216 1827 407 1890 genitor
441 1826 718 1891 sceptrique
754 1828 906 1876 decus
942 1828 1204 1890 cultusque
1238 1827 1482 1876 Tonantis

47 1906 184 1956 inicit
218 1907 324 1971 ipse
359 1906 502 1971 rogis,
538 1916 775 1971 tergoque
811 1916 859 1956 et
894 1917 1096 1971 pectore
1130 1910 1290 1957 fusam

49 1988 311 2038 caesariem
346 1990 473 2037 ferro
509 1987 686 2036 minuit
721 1987 968 2051 sectisque
1003 1987 1207 2037 iacentis
1629 2008 1706 2051 195

49 2068 260 2118 obnubit
294 2068 462 2118 tenuia
497 2085 581 2117 ora
616 2068 785 2129 comis,
825 2085 882 2117 ac
917 2068 1032 2117 talia
1067 2070 1186 2118 fletu

105 2210 180 2246 172
209 2203 357 2247 gerant
381 2196 430 2244 P,
455 2201 551 2247 post
575 2209 612 2236 v.
639 2197 715 2245 176
733 2196 888 2235 exhibet
909 2195 1130 2235 Pversum
1151 2196 1234 2236 ‘sic
1261 2196 1320 2235 ait
1340 2196 1612 2247 abruptisque
1631 2198 1706 2237 irn-

46 2252 197 2291 mutuit
225 2248 301 2290 Ore
330 2250 541 2301 querelis,’
563 2263 684 2300 quem
699 2255 797 2302 post
813 2263 849 2290 v.
877 2251 952 2299 183
974 2250 1110 2289 traieci
1333 2252 1517 2300 177-183
1547 2256 1709 2291 exstant

46 2306 92 2344 in
119 2303 335 2355 PDQNS,
356 2317 437 2343 om.
460 2303 507 2343 K
523 2309 562 2343 et
576 2303 618 2342 B
650 2305 729 2355 (pr.
754 2306 833 2349 m.)
854 2317 864 2343 ε
885 2309 981 2355 post
1006 2317 1172 2343 versum
1195 2306 1272 2353 183
1298 2305 1476 2343 exhibent
1494 2305 1702 2355 DQNSA

46 2358 130 2398 duo
148 2371 293 2398 versus
313 2361 324 2380 ‘
340 2358 406 2397 cui
425 2358 544 2407 luget
564 2359 784 2408 complexa
804 2370 902 2396 suos
932 2359 991 2396 sic
1022 2358 1108 2396 fata
1134 2358 1211 2407 (ait
1231 2363 1357 2407 atque
1378 2359 1434 2409 D,
1458 2359 1646 2408 dixitque
1664 2360 1708 2399 Β

47 2413 226 2464 (marg.)
256 2411 355 2460 AS,
377 2417 553 2462 repente
574 2411 633 2462 Q)
659 2412 844 2451 concidit
869 2411 1139 2461 abruptisque
1167 2412 1374 2451 obmutuit
1393 2425 1466 2450 ore
1488 2413 1702 2463 querelis,'

45 2478 160 2518 qum,
183 2479 210 2505 a
229 2442 355 2504 PKB'
373 2467 453 2516 (pr.
478 2466 555 2517 m.)
577 2466 768 2516 omissos,
790 2479 810 2503 e
837 2469 1020 2504 contextu
1049 2465 1147 2505 eieci.
1208 2466 1256 2505 de
1284 2470 1365 2504 toto
1393 2467 1466 2505 hoc
1492 2467 1584 2518 loco,
1618 2467 1707 2506 vide

40 2518 198 2569 Journ.
228 2518 337 2558 Plul.
369 2519 468 2558 lviii.
659 2521 736 2558 180
765 2519 944 2569 pignora
972 2520 1108 2558 nostri
1137 2518 1203 2559 P:
1235 2520 1415 2569 pignore
1446 2527 1592 2559 nostro
1622 2526 1703 2561 cett.

27 2574 121 2612 ’ῐ81
129 2573 395 2624 proturbata
420 2572 501 2612 tori
530 2573 748 2623 prohibete
772 2572 935 2611 auferte
963 2573 1082 2612 deda:
1116 2575 1359 2623 proturbata
1378 2573 1459 2613 tori
1484 2575 1705 2623 prohibete

45 2626 123 2669 P:
138 2633 284 2678 partus
312 2627 451 2666 honos
482 2627 705 2677 prohibete
736 2627 856 2666 nefas
878 2627 1017 2677 (nefas
1045 2640 1128 2666 om.
1145 2627 1256 2689 ‘QN)
1278 2627 1443 2666 auferte
1471 2628 1629 2678 NQD:
1659 2629 1707 2667 de

47 2685 127 2722 cett.
149 2680 258 2720 codd.
280 2694 364 2719 non
383 2680 509 2730 hquet
657 2683 734 2719 182
763 2681 940 2719 invisam
960 2680 1114 2730 DQN·
1105 2711 1114 2719 .
1143 2681 1315 2720 invitam
1334 2681 1378 2719 P
1482 2682 1705 2732 exsequias

45 2735 210 2785 scripsi:
241 2735 452 2784 exsequiis
471 2733 581 2774 codd.
691 2735 789 2784 quia
806 2734 850 2773 P
866 2749 875 2773 :
904 2735 1004 2784 quid
1023 2734 1154 2784 DQN
1273 2735 1424 2774 fecisse
1443 2734 1508 2774 P:
1537 2736 1704 2775 funesta

40 2786 176 2840 DQN
305 2788 466 2839 paranti
502 2788 648 2839 ,scripsi
665 2803 674 2828 ε
712 2788 879 2840 parenti
913 2788 1023 2828 codd.
1224 2791 1299 2837 183
1338 2788 1499 2828 nesciat
1529 2791 1704 2842 scripsi:

47 2842 192 2883 miscet
209 2842 252 2881 P
267 2857 276 2882 :
305 2843 452 2881 miscet
473 2848 516 2882 et
536 2842 667 2893 DQN
830 2844 1017 2893 187-238
1035 2842 1080 2881 in
1097 2842 1141 2881 D
1159 2843 1239 2894 legi
1256 2848 1462 2893 nequeunt
