1884 3204
680 65 1084 114 PRAEFATIO

56 217 157 251 non
181 199 379 250 exhibui
401 197 472 264 (et
490 198 675 261 ubique
699 198 901 262 quidem
927 199 1223 248 foedissimis
1242 200 1529 263 corruptelis
1549 218 1711 249 macu-

58 285 184 332 latus
208 289 282 330 est
323 278 468 344 liber)
508 281 597 328 sed
638 288 901 328 contentus
940 296 1073 328 eram
1113 279 1429 329 notabiliores
1471 280 1710 329 lectiones

0 359 5 414 ἷ
57 361 244 425 eligere.
317 362 396 409 De
424 359 582 423 pretio
617 358 727 407 libri
752 358 874 407 nihil
899 359 980 408 hic
1011 359 1170 408 ausim
1200 361 1452 409 affirmare.
1526 362 1626 409 Sed
1659 361 1709 407 in

3 451 6 456 '
57 458 156 491 uno
196 450 244 490 et
288 442 442 489 altero
469 442 581 488 loco
627 439 891 489 lectionem
929 440 1034 489 eius
1071 440 1123 488 in
1161 449 1347 489 textum
1384 441 1576 503 recepi:
1625 441 1710 489 ubi

57 522 96 572 si
136 523 258 571 forte
293 520 693 569 emendationem
731 520 867 569 docti
906 520 1165 570 cuiusdam
1192 521 1304 570 Itali
1339 538 1571 584 recepero
1608 539 1710 570 non

0 620 6 662 ζ,
54 602 300 668 gravabor.
1252 591 1256 593 ,

0 671 9 737 '⁷
121 680 332 730 Veniam
352 697 470 744 rogo
486 682 606 730 dum
625 681 706 730 hic
722 699 880 745 pauca
896 681 1060 730 dicam
1086 683 1148 731 de
1173 699 1224 730 re
1250 683 1466 745 quadam
1488 699 1637 745 quam
1659 682 1709 729 in

0 747 26 782 J
55 770 288 827 apparatu
313 778 426 810 meo
459 771 631 811 notare
664 762 979 826 praetermisi.
1051 765 1293 826 Persaepe
1318 762 1405 812 ubi
1428 762 1711 825 >discrepant

7 892 11 896 .
55 845 108 893 P
123 851 172 891 et
190 844 268 892 ωδ
287 841 614 906 discrepantia
637 860 739 891 non
764 860 850 906 per
874 843 1187 907 hypothesim
1207 845 1455 892 secundae
1479 843 1711 892 editionis

0 936 10 958 ⁵
55 922 342 986 explicanda
376 932 450 972 est
485 925 574 973 sed
609 941 668 972 ex
709 941 769 973 eo
807 926 943 987 quod
979 927 1265 973 alterutrum
1300 941 1454 988 genus
1479 924 1714 987 Vergilia-

55 1021 174 1053 num
191 1003 393 1067 aliquid,
417 1004 638 1054 Statiano
657 1005 810 1054 textui
834 1007 968 1054 haud
991 1005 1241 1066 dissimile,
1262 1023 1352 1071 pro
1370 1022 1484 1054 vera
1498 1005 1710 1054 lectione

54 1085 300 1149 receperit.
373 1085 499 1134 Satis
524 1086 613 1135 erit
636 1088 728 1135 hos
753 1089 889 1136 locos
913 1088 1189 1137 adducere:

136 1165 164 1215 i.
195 1183 290 1229 290
317 1167 476 1229 Stygii
496 1169 606 1216 cod.
635 1169 805 1232 Magd.
832 1168 1022 1232 irrepsit
1047 1186 1106 1218 ex
1129 1172 1273 1232 Verg.
1300 1171 1423 1218 Aen.
1451 1169 1511 1217 ix.
1545 1186 1650 1227 104.

138 1246 166 1296 i.
196 1250 289 1310 655
317 1251 436 1296 lucet
457 1265 573 1310 ager
594 1247 720 1313 (aer)
746 1249 943 1313 respicit
967 1251 1032 1299 ad
1055 1252 1178 1299 Aen.
1205 1250 1265 1299 xi.
1299 1268 1406 1312 209.

119 1326 166 1376 ii.
195 1345 224 1391 9
257 1330 519 1377 transabiit
555 1338 704 1378 costas
739 1331 817 1379 ωδ
848 1330 1078 1393 profluxit
1110 1348 1170 1380 ex
1204 1334 1325 1380 Aen.
1352 1331 1413 1380 ix.
1453 1348 1582 1394 4323
1629 1331 1707 1379 xii.

59 1411 167 1471 276,
196 1412 305 1472 508.

121 1489 184 1538 iii.
215 1507 310 1553 399
334 1492 611 1553 potentibus
633 1492 791 1540 herbis
814 1494 892 1542 ωδ
913 1493 1123 1542 debetur
1145 1495 1267 1543 Aen.
1295 1494 1373 1543 xii.
1401 1512 1513 1555 402.

121 1570 166 1619 ii.
198 1584 292 1634 250
325 1588 608 1635 excussaque
624 1574 810 1635 gaudia
836 1575 974 1636 vulgi
998 1576 1137 1637 GHp
1162 1575 1386 1638 provenit
1415 1593 1474 1624 ex
1496 1577 1618 1624 Aen.
1647 1575 1708 1623 xi.

55 1666 166 1716 451·

120 1731 179 1781 ix.
209 1735 304 1796 683
337 1734 418 1782 ille
440 1734 560 1783 acies
590 1736 719 1783 inter
750 1737 928 1784 medias
952 1738 1032 1787 ωδ
1059 1736 1299 1801 originem
1327 1738 1478 1787 habet
1510 1737 1562 1786 in
1585 1740 1707 1786 Aen.

54 1812 119 1867 xi.
142 1816 253 1873 648.

122 1893 286 1943 Etiam
322 1894 373 1943 in
397 1894 460 1943 ix.
487 1898 581 1943 662
615 1897 783 1959 quaeri
812 1907 975 1960 potest
1005 1916 1069 1947 an
1095 1916 1174 1948 nec
1197 1907 1238 1948 te
1260 1902 1316 1947 de
1338 1901 1496 1949 dubiis·
1518 1917 1620 1949 non
1646 1902 1711 1948 ad

51 1977 173 2024 Aen.
212 1975 271 2023 xi.
311 1990 406 2038 445
445 1976 701 2039 respiciat:
755 1995 1058 2042 quamquam
1087 1980 1168 2028 hic
1205 1980 1409 2044 quidem
1444 1980 1710 2029 lectionem

53 2055 239 2106 codicis
274 2059 327 2104 P
355 2056 546 2106 retinui.
1413 2071 1417 2074 '

122 2138 268 2185 Plura
305 2140 529 2200 exempla
565 2139 779 2201 proferre
816 2139 1033 2202 possim:
1088 2143 1176 2191 sed
1217 2142 1332 2191 satis
1373 2141 1425 2191 in
1460 2144 1557 2190 hoc
1598 2144 1710 2191 loco

53 2218 177 2266 haec
201 2234 261 2267 eo
293 2218 461 2267 animo
489 2220 736 2269 adducere
761 2229 814 2268 ut
838 2222 1016 2270 doctos
1040 2221 1168 2271 viros
1197 2240 1430 2272 moneam
1466 2233 1708 2286 quantum

53 2297 337 2347 etiamnunc
372 2315 496 2362 opus
533 2299 594 2348 sit
630 2300 914 2350 testimonia
949 2302 1230 2366 Vergiliana
1270 2312 1320 2352 et
1355 2303 1620 2367 colligendi
1662 2314 1710 2353 et

51 2378 377 2428 examinandi.

118 2461 376 2508 Postremo
406 2477 486 2509 me
509 2460 685 2524 gratias
709 2478 852 2525 agere
885 2473 1079 2527 oportet
1103 2464 1355 2514 nonnullis
1387 2465 1559 2514 amicis
1585 2466 1706 2514 meis

54 2538 139 2602 qui
173 2539 480 2590 coniecturas
516 2542 822 2606 suspiciones
859 2545 1259 2610 monitionesque
1295 2564 1407 2595 suas
1432 2556 1704 2610 vceteraque

53 2620 296 2670 eiusmodi
338 2614 1083 2676 mecum'communicaverunt:
1126 2627 1252 2676 inter
1287 2645 1413 2691 quos
1449 2627 1706 2677 nominare

53 2701 214 2751 debeo
250 2704 310 2751 R.
340 2703 478 2764 Ellis,
503 2706 549 2753 S.
579 2706 640 2754 G.
668 2706 836 2766 Owen,
877 2708 917 2755 Ι.
945 2709 992 2756 S.
1020 2708 1320 2770 Phillimore,
1360 2711 1422 2758 D.
1449 2711 1510 2757 A.
1537 2710 1706 2768 Slater,

52 2790 114 2842 et,
141 2798 291 2846 quem
316 2800 463 2848 supra
485 2786 696 2846 laudavi,
724 2788 782 2837 C.
810 2788 983 2837 Plater.

1353 2859 1425 2906 H.
1460 2859 1535 2906 W.
1576 2858 1641 2908 G.

104 2913 337 2956 scribebam
361 2917 516 2956 Oxonz‘i

209 2970 329 3011 AS.
353 2984 594 3015 mnccccvr.
