1884 3204
989 78 1400 127 THEBAIDOS
1438 80 1651 127 LIBER
1691 81 1742 127 11

93 233 208 269 ecce
240 223 406 264 autem
441 223 579 262 vasto
615 211 854 263 Chthonii
889 221 1115 261 contorta
1148 214 1347 272 lacerto,

51 340 55 349 .
94 314 193 362 quo
227 297 355 346 duce
389 296 513 344 freta
545 296 736 354 cohors,
774 294 936 342 fuscas
973 292 1231 342 intervolat
1266 310 1407 342 auras

93 381 259 439 hastas,
303 377 392 426 sed
425 374 628 424 audenti
663 375 787 423 deus
823 383 871 422 et
906 375 1102 423 fortuna
1136 374 1348 424 recessit.
1663 394 1746 435 540

93 475 178 524 per
210 466 375 506 tamen
399 455 580 506 Olenii
615 454 830 518 tegimen
867 454 967 504 suis
1003 465 1207 518 atraque
1243 455 1389 504 saetis

92 548 224 603 terga
258 553 402 600 super
435 538 600 586 laevos
636 552 832 584 umeros
867 535 1028 584 vicina
1063 535 1224 585 cruori
1310 593 1314 595 ¹

47 653 51 657 -
93 618 258 683 effugit
291 627 340 667 et
374 616 527 666 viduo
562 616 784 680 iugulum
820 616 929 666 ferit
964 616 1108 665 inrita
1142 616 1291 680 ligno.

80 709 208 751 ¹tunc
242 700 436 748 horrere
459 715 644 747 *comae
679 697 976 762 sanguisque
1010 696 1062 745 in
1099 699 1250 747 corda
1284 697 1446 760 gelari.

91 783 187 831 huc
221 781 349 829 ferus
382 788 531 842 atque
565 779 682 828 illuc
716 779 937 828 animum
974 778 1306 842 pallentiaque
1342 778 1412 827 ira
1661 800 1740 840 545

66 878 174 912 -ora
207 861 366 910 ferens
404 860 516 925 (nec
551 869 688 909 tanta
722 869 862 924 putat
897 859 991 909 sibi
1026 860 1157 909 bella
1192 859 1404 924 parari):

95 943 262 991 ‘Ferte
295 942 501 1004 gradum
539 950 711 990 contra
747 957 1026 1004 campoque
1061 939 1304 1003 erumpite
1338 945 1540 1004 aperto!

89 1021 197 1087 quis
231 1021 378 1071 timor
411 1021 645 1082 audendi,
684 1039 811 1086 quae
847 1031 984 1070 tanta
1018 1021 1250 1085 ignavia?
1291 1024 1438 1082 solus,

47 1104 49 1106 ’
89 1105 220 1153 solus
243 1102 295 1151 in
318 1120 453 1152 arma
476 1105 632 1152 voco.'
703 1105 881 1166 Neque
906 1102 957 1150 in
982 1102 1058 1151 his
1083 1120 1220 1152 mora
1237 1121 1250 1164 3
1298 1120 1423 1166 quos
1449 1103 1534 1152 ubi
1575 1103 1740 1167 pluris,

88 1201 236 1248 quam
272 1194 418 1243 ratus,
456 1184 726 1234 innumeris
761 1184 896 1233 videt
931 1201 1185 1233 excursare
1220 1184 1434 1246 latebris,
1662 1205 1744 1246 550

90 1268 180 1316 hos
214 1265 411 1329 prodire
446 1266 585 1329 iugis,
623 1266 732 1315 illos
769 1283 796 1315 e
831 1266 1039 1315 vallibus
1075 1266 1186 1315 imis

87 1363 315 1407 crescere,
354 1364 447 1395 nec
482 1363 668 1410 paucos
705 1363 897 1410 campo,
936 1355 1196 1409 totumque
1233 1346 1324 1395 sub
1360 1346 1507 1395 armis

88 1429 346 1477 conlucere
381 1427 489 1487 iter,
527 1436 582 1476 ut
617 1429 806 1476 clausas
842 1426 1076 1491 indagine
1111 1429 1294 1490 profert

87 1508 137 1557 in
173 1508 394 1558 medium
430 1525 525 1557 vox
559 1507 718 1571 prima
751 1510 892 1568 feras,
931 1525 1059 1571 quae
1095 1510 1200 1557 sola
1237 1507 1472 1558 medendi

87 1590 279 1639 turbata
312 1589 500 1638 ratione
535 1591 613 1638 via
647 1598 733 1650 est,
772 1589 894 1653 petit
928 1590 1083 1639 ardua
1118 1589 1253 1638 dirae
1662 1609 1742 1650 555

88 1669 331 1734 Sphingos
367 1679 415 1719 et
448 1669 653 1719 abscisis
689 1669 956 1734 infringens
992 1670 1218 1719 cautibus
1254 1687 1407 1719 uncas

88 1760 344 1814 exsuperat
378 1751 491 1815 iuga
526 1750 631 1800 dira
666 1742 856 1811 manus,
895 1753 1203 1815 scopuloque
1238 1751 1440 1815 potitus,

12 1884 16 1887 ,
88 1833 221 1881 unde
255 1833 426 1896 procul
461 1841 597 1895 tergo
632 1841 794 1881 metus
830 1842 878 1881 et
913 1831 992 1880 via
1027 1849 1184 1895 prona
1218 1832 1447 1892 nocendi,

87 1929 257 1962 saxum
292 1912 481 1976 ingens,
517 1914 652 1976 quod
688 1912 767 1961 vix
801 1915 948 1976 plena
982 1912 1171 1962 cervice
1206 1922 1458 1976 gementes

85 2004 270 2044 vertere
304 1996 459 2043 humo
494 1994 774 2058 †murisque
808 1996 1002 2046 valent†
1036 1994 1212 2044 inferre
1246 1994 1453 2053 iuvenci,
1664 2002 1745 2055 560

87 2076 291 2140 rupibus
327 2076 521 2136 evellit3
562 2076 680 2125 dein
716 2085 822 2125 toto
859 2076 1096 2139 sanguine
1131 2076 1272 2125 nixus

89 2156 310 2218 sustinet,
347 2156 616 2206 immanem
653 2174 893 2220 quaerens
928 2157 1103 2206 librare
1131 2157 1338 2218 ruinam,

89 2236 245 2300 qualis
279 2237 331 2285 in
346 2256 355 2268 ·‘
364 2239 595 2287 adversos
632 2237 865 2301 Lapithas
901 2238 1051 2287 erexit
1086 2237 1285 2287 inanem

89 2318 429 2382 magnanimus
464 2328 648 2368 cratera
684 2321 882 2367 Pholus.
955 2328 1118 2383 stupet
1153 2319 1300 2367 obvia
1334 2321 1434 2368 leto

86 2399 229 2448 turba
263 2409 620 2462 superstantem
657 2409 805 2462 atque
841 2399 1007 2449 emissi
1041 2400 1236 2449 turbine
1272 2399 1454 2449 montis
1662 2409 1740 2462 565

139 2538 216 2576 541
247 2526 439 2577 hirtaque
466 2527 665 2567 Heinsius
881 2539 961 2577 544
991 2541 1090 2578 -que
1112 2541 1195 2568 om.
1215 2528 1262 2566 N
1395 2529 1524 2568 corda
1551 2528 1720 2579 PBQN
1733 2545 1742 2568 ε

87 2581 214 2621 corde
243 2580 332 2620 DK
347 2582 400 2632 (3)
565 2594 645 2632 549
673 2594 811 2631 neque
841 2582 909 2621 his
942 2582 1066 2632 QNA
1230 2595 1306 2632 551
1340 2583 1510 2632 prodire
1542 2583 1718 2622 BDKN
1733 2599 1743 2623 ε

86 2635 204 2675 deire
235 2634 301 2674 P:
342 2635 457 2675 deire
495 2637 714 2686 (†prodire
744 2638 967 2688 suprascr.)
1006 2637 1072 2687 Q:
1103 2637 1208 2686 fort.
1249 2639 1412 2687 hosque
1447 2638 1578 2688 deire,
1609 2639 1656 2688 qs.
1687 2638 1741 2678 vi.

86 2701 166 2739 519
298 2689 353 2728 de
374 2690 412 2739 Q
574 2692 653 2740 556
681 2691 837 2729 abcisis
871 2690 910 2728 Β
1053 2704 1110 2729 an
1140 2691 1350 2740 infigens?
1506 2693 1670 2744 uncas]
1701 2692 1748 2730 N

87 2755 167 2793 559
196 2743 305 2782 dena
324 2742 522 2794 Mad-mg·
635 2746 717 2793 560
745 2745 855 2783 locus
873 2743 1062 2782 nondum
1081 2750 1258 2783 sanatus
1364 2746 1563 2796 durisque
1584 2746 1649 2785 P:
1678 2746 1742 2786 bis

87 2810 167 2836 sex
181 2798 395 2847 murisque
412 2797 507 2838 Cod.
526 2797 622 2838 Coll.
641 2798 758 2849 corp.
776 2798 930 2838 Christi
948 2798 1081 2838 Oxon.
1098 2813 1107 2838 :
1135 2799 1305 2839 valeant
1324 2802 1540 2850 murisque
1555 2801 1713 2839 Kooten
1734 2816 1743 2840 :

87 2852 301 2944 ωυιίῖεςιῖξ
329 2858 484 2901 queant
518 2851 753 2893 Baehrens:
772 2853 877 2902 sort.
912 2853 1112 2903 burisque
1143 2861 1302 2903 queant
1331 2855 1497 2894 auferre
1663 2857 1740 2904 561

89 2918 165 2944 eve
198 2906 250 2945 it:
288 2919 326 2945 ,ε
353 2907 495 2946 avellit
519 2921 553 2944 ω
597 2940 600 2944 .
