1884 3204
154 26 208 74 P.
248 25 491 74 ΡΑΡΙΝΙ
529 26 735 74 STATI

152 164 294 223 vade,
332 163 495 212 iacent
529 163 632 212 nati
649 182 662 224 3
710 180 839 227 quae
874 163 973 213 iam
1010 163 1099 213 tibi
1134 172 1249 213 vota
1285 164 1587 228 supersunt?

221 244 432 293 Horruit
466 244 703 293 instinctu
739 244 927 305 rabido,
968 254 1307 309 steteruntque
1343 254 1610 294 trementes

151 341 245 374 ceu
281 324 388 373 visu
425 327 653 388 squalore
688 342 858 389 genae,
897 326 1191 389 seniumque
1227 326 1440 375 recessit.

151 416 271 455 tunc
308 415 475 455 natam
512 407 847 469 baculumque
882 423 1034 455 manu
1070 407 1269 467 dimisit,
1308 416 1358 456 et
1394 407 1493 456 irae
1735 414 1816 469 675

152 487 349 536 innixus
386 486 580 537 tumido
615 505 792 536 vocem
827 489 892 537 de
926 497 1129 551 pectore
1164 488 1377 551 rumpit:

155 573 167 594 ‘
195 571 371 618 Iamne
407 578 548 618 vacat
584 568 783 629 saevire,
823 570 1027 619 Creon?
1073 571 1227 618 modo
1262 570 1452 632 perfida
1487 585 1636 632 regna

151 651 478 712 fortunaeque
513 651 679 698 locum
715 658 926 709 nostrae,
965 649 1258 709 miserande,
1297 649 1485 710 subisti,

151 739 200 778 et
235 730 327 779 tibi
363 730 462 778 iarn
497 732 569 778 fas
606 739 680 778 est
714 746 885 792 regum
921 732 1110 778 calcare
1144 729 1348 778 ruinas?

151 810 250 859 iam
286 810 489 860 tumulis
525 810 696 870 victos,
735 809 898 858 socios
933 810 1032 858 iam
1070 811 1332 859 moenibus
1367 813 1544 860 arces?
1738 818 1819 859 680

152 901 326 951 macte,
366 901 507 955 potes
545 890 694 953 digne
730 890 1019 939 Thebarum
1055 899 1247 954 sceptra
1283 891 1422 939 tueri.

149 975 274 1021 haec
310 982 395 1021 tua
429 972 588 1035 prima
622 971 744 1031 dies,
783 972 872 1020 sed
909 988 996 1019 cur
1030 988 1160 1020 nova
1196 971 1444 1020 contrahis
1480 989 1653 1021 amens

149 1053 295 1102 iura?
341 1052 463 1116 quid
497 1062 705 1116 anguste
741 1061 905 1101 tantos
941 1052 1127 1102 metiris
1163 1055 1415 1101 honores?

150 1134 376 1184 exsilium
413 1133 670 1183 intendis?
716 1133 892 1183 timida
926 1133 1244 1183 inclementia
1280 1151 1450 1197 regum

149 1215 274 1264 ista:
322 1217 451 1263 feros
486 1214 660 1264 avidus
697 1214 819 1278 quin
854 1214 1078 1278 protinus
1114 1213 1296 1263 imbuis
1333 1214 1501 1264 ensis?
1737 1223 1816 1275 685

150 1298 310 1356 crede,
350 1297 495 1358 licet3
541 1295 707 1345 veniat
742 1295 953 1359 cupidus
989 1313 1159 1359 parere
1194 1298 1388 1345 satelles

148 1377 524 1441 intrepidusque
561 1386 696 1426 secet
730 1394 836 1426 non
871 1376 1107 1427 evitantia
1142 1379 1285 1426 colla.

149 1458 346 1522 incipe!
394 1476 459 1507 an
494 1468 765 1521 exspectas,
802 1467 858 1507 ut
893 1475 1078 1522 pronus
1115 1458 1338 1522 supplice
1374 1459 1547 1507 dextra

150 1548 338 1588 sternar
374 1549 422 1588 et
456 1538 660 1588 immitis
697 1538 891 1588 domini
924 1538 1129 1602 vestigia
1165 1541 1441 1602 quaeram?

148 1623 280 1685 finge
315 1630 483 1670 autem
519 1629 774 1684 temptare,
815 1620 945 1669 sines
964 1623 986 1668 Ρ
1032 1619 1219 1669 mihine
1254 1622 1354 1668 ulla
1390 1619 1589 1669 minaris
1735 1628 1817 1683 690

150 1701 392 1766 supplicia
427 1710 511 1750 aut
547 1703 675 1749 ullos
711 1700 827 1749 reris
864 1718 1120 1764 superesse
1157 1701 1395 1751 timores?

148 1783 372 1846 linquere
408 1791 539 1831 tecta
575 1781 754 1830 iubes?
801 1784 995 1831 caelum
1031 1791 1310 1845 terramque
1346 1781 1521 1846 reliqui

149 1873 327 1927 sponte
362 1872 512 1926 atque
548 1861 774 1911 ultricem
810 1862 1022 1911 crudelis
1059 1862 1110 1910 in
1147 1879 1232 1911 ora
1255 1863 1439 1928 *retorsi

148 1962 252 1994 non
287 1946 390 1993 ullo
425 1953 634 2008 cogente
670 1961 907 1995 manum:
956 1943 1078 2007 quid
1113 1946 1210 1993 tale
1246 1944 1430 2004 iubere,

149 2043 231 2075 rex
266 2025 481 2086 inimice,
519 2027 703 2089 potes?
749 2023 885 2088 fugio
921 2026 1211 2088 excedoque
1246 2024 1474 2074 nefandis
1731 2032 1813 2088 695

148 2107 387 2168 sedibus3
432 2123 497 2155 an
532 2108 677 2155 refert
713 2123 815 2170 quo
849 2107 1023 2155 funera
1057 2108 1205 2169 longa
1240 2122 1477 2168 measque

148 2196 477 2251 transportem
514 2187 782 2236 tenebras?
827 2203 891 2236 ne
926 2203 1029 2235 non
1064 2203 1185 2250 gens
1221 2196 1401 2236 cuncta
1435 2185 1657 2250 precanti

148 2270 406 2329 concedat,
445 2268 631 2332 patriae
666 2277 910 2332 quantum
947 2267 1094 2317 miser
1129 2268 1314 2317 incubo
1351 2270 1545 2317 terrae?

148 2352 237 2400 sed
273 2352 444 2400 dulces
480 2350 720 2400 Thebae!
767 2349 1001 2399 nimirum
1039 2349 1119 2398 hic
1155 2349 1329 2399 clarior
1364 2343 1512 2408 Ortus,

148 2441 197 2481 et
233 2431 437 2481 meliora
472 2448 610 2480 meos
646 2433 956 2495 permulcent
992 2431 1153 2480 sidera
1187 2433 1364 2492 vultus,
1735 2438 1819 2493 700⁴

147 2512 228 2562 hic
262 2511 483 2576 genetrix
516 2511 749 2575 natique!
797 2512 983 2563 habeas
1018 2512 1262 2561 Thebana
1302 2528 1540 2575 regasque

201 2643 281 2691 674
310 2642 507 2691 squalore
527 2643 804 2694 (†praesente
819 2647 1026 2693 suprascr.
1043 2639 1104 2691 D)
1119 2640 1202 2679 PD
1220 2653 1229 2680 t
1259 2645 1489 2690 praesente
1503 2645 1586 2681 cett.
1665 2653 1812 2680 comae

350 2700 431 2746 675
461 2696 685 2735 demisitP
792 2708 894 2735 orae
914 2695 956 2734 B
1138 2697 1220 2746 676
1248 2695 1421 2746 rupitN
1592 2695 1672 2745 683
1701 2696 1812 2735 latos

146 2747 226 2797 242,
262 2750 384 2789 haud
417 2752 497 2790 scio
535 2765 592 2791 an
633 2754 729 2789 recte
911 2750 991 2798 685
1034 2750 1180 2789 avidos
1214 2749 1252 2799 Q
1362 2749 1496 2790 inbuit
1530 2747 1573 2786 P
1791 2761 1808 2787 1

147 2803 317 2842 labores
349 2803 392 2842 A
557 2807 638 2854 692
674 2811 913 2854 terramque
946 2803 1057 2843 PD:
1101 2810 1322 2853 terrasque
1358 2802 1568 2853 BKNQS
1729 2805 1811 2853 696
1840 2808 1854 2824 ·

146 2857 299 2951 fune?-
320 2858 374 2908 (s.
377 2859 515 2964 Qexilii
535 2865 740 2910 suprascr.
764 2858 820 2897 al.
845 2857 926 2912 m.)
945 2857 987 2896 P
1115 2860 1194 2910 697
1225 2858 1362 2898 cincta
1381 2856 1439 2895 P²
1549 2856 1750 2910 precandi
1769 2856 1812 2896 P

148 2924 225 2960 701
289 2925 356 2950 mc
