<?xml version="1.0" encoding="UTF-8"?>
<!DOCTYPE html PUBLIC "-//W3C//DTD XHTML 1.0 Transitional//EN"
    "http://www.w3.org/TR/xhtml1/DTD/xhtml1-transitional.dtd">
<html xmlns="http://www.w3.org/1999/xhtml" xml:lang="en" lang="en">
 <head>
  <title>
</title>
<meta http-equiv="Content-Type" content="text/html;charset=utf-8" />
  <meta name='ocr-system' content='tesseract 3.04.00' />
  <meta name='ocr-capabilities' content='ocr_page ocr_carea ocr_par ocr_line ocrx_word'/>
</head>
<body>
  <div class='ocr_page' id='page_1' title='image "./thebaisetachille00statuoft_0013.png"; bbox 0 0 1884 3204; ppageno 0'>
   <div class='ocr_carea' id='block_1_1' title="bbox 714 93 1114 143">
    <p class='ocr_par' dir='ltr' id='par_1_1' title="bbox 714 93 1114 143">
     <span class='ocr_line' id='line_1_1' title="bbox 714 93 1114 143; baseline 0.01 -4"><span class='ocrx_word' id='word_1_1' title='bbox 714 93 1114 143; x_wconf 88' lang='lat' dir='ltr'><strong>PRAEFATIO</strong></span> 
     </span>
    </p>
   </div>
   <div class='ocr_carea' id='block_1_2' title="bbox 84 228 1738 701">
    <p class='ocr_par' dir='ltr' id='par_1_2' title="bbox 87 228 1738 539">
     <span class='ocr_line' id='line_1_2' title="bbox 90 228 1737 296; baseline 0.005 -18"><span class='ocrx_word' id='word_1_2' title='bbox 90 245 208 279; x_wconf 89' lang='lat' dir='ltr'>esse.</span> <span class='ocrx_word' id='word_1_3' title='bbox 258 228 498 279; x_wconf 89' lang='lat' dir='ltr'>Codicem</span> <span class='ocrx_word' id='word_1_4' title='bbox 514 237 565 292; x_wconf 82' lang='lat' dir='ltr'>p,</span> <span class='ocrx_word' id='word_1_5' title='bbox 588 230 721 278; x_wconf 89' lang='lat' dir='ltr'>unde</span> <span class='ocrx_word' id='word_1_6' title='bbox 737 230 1010 294; x_wconf 89' lang='lat' dir='ltr'>descriptus</span> <span class='ocrx_word' id='word_1_7' title='bbox 1030 239 1103 280; x_wconf 90' lang='lat' dir='ltr'>est</span> <span class='ocrx_word' id='word_1_8' title='bbox 1121 254 1168 292; x_wconf 87' lang='grc' dir='ltr'>π,</span> <span class='ocrx_word' id='word_1_9' title='bbox 1188 233 1478 296; x_wconf 82' lang='lat' dir='ltr'>capitalibus</span> <span class='ocrx_word' id='word_1_10' title='bbox 1499 236 1646 286; x_wconf 89' lang='lat' dir='ltr'>fuisse</span> <span class='ocrx_word' id='word_1_11' title='bbox 1666 237 1737 286; x_wconf 90' lang='lat' dir='ltr'>lit-</span> 
     </span>
     <span class='ocr_line' id='line_1_3' title="bbox 91 309 1736 378; baseline 0.005 -20"><span class='ocrx_word' id='word_1_12' title='bbox 91 309 202 358; x_wconf 90' lang='lat' dir='ltr'><strong>teris</strong></span> <span class='ocrx_word' id='word_1_13' title='bbox 238 309 590 358; x_wconf 89' lang='lat' dir='ltr'>demonstravit</span> <span class='ocrx_word' id='word_1_14' title='bbox 618 312 794 359; x_wconf 88' lang='lat' dir='ltr'>Klotz:</span> <span class='ocrx_word' id='word_1_15' title='bbox 831 310 969 359; x_wconf 90' lang='lat' dir='ltr'>cuius</span> <span class='ocrx_word' id='word_1_16' title='bbox 995 311 1062 360; x_wconf 92' lang='lat' dir='ltr'>rei</span> <span class='ocrx_word' id='word_1_17' title='bbox 1088 311 1128 360; x_wconf 89' lang='lat' dir='ltr'>si</span> <span class='ocrx_word' id='word_1_18' title='bbox 1152 312 1334 363; x_wconf 87' lang='lat' dir='ltr'>indicia</span> <span class='ocrx_word' id='word_1_19' title='bbox 1358 315 1573 378; x_wconf 83' lang='lat' dir='ltr'>requiris,</span> <span class='ocrx_word' id='word_1_20' title='bbox 1603 318 1736 366; x_wconf 87' lang='lat' dir='ltr'>docti</span> 
     </span>
     <span class='ocr_line' id='line_1_4' title="bbox 88 388 1738 460; baseline 0.004 -21"><span class='ocrx_word' id='word_1_21' title='bbox 88 389 213 439; x_wconf 90' lang='lat' dir='ltr'>illius</span> <span class='ocrx_word' id='word_1_22' title='bbox 236 388 323 438; x_wconf 90' lang='lat' dir='ltr'>viri</span> <span class='ocrx_word' id='word_1_23' title='bbox 347 389 705 440; x_wconf 79' lang='lat' dir='ltr'>Praefationem</span> <span class='ocrx_word' id='word_1_24' title='bbox 729 392 794 439; x_wconf 88' lang='lat' dir='ltr'>ad</span> <span class='ocrx_word' id='word_1_25' title='bbox 812 391 1091 442; x_wconf 92' lang='lat' dir='ltr'>Achilleida</span> <span class='ocrx_word' id='word_1_26' title='bbox 1123 402 1310 443; x_wconf 82' lang='lat' dir='ltr'><strong>excute.</strong></span> <span class='ocrx_word' id='word_1_27' title='bbox 1385 397 1492 459; x_wconf 90' lang='lat' dir='ltr'>Ego</span> <span class='ocrx_word' id='word_1_28' title='bbox 1517 396 1586 445; x_wconf 92' lang='lat' dir='ltr'>eis</span> <span class='ocrx_word' id='word_1_29' title='bbox 1611 413 1738 460; x_wconf 89' lang='lat' dir='ltr'>quae</span> 
     </span>
     <span class='ocr_line' id='line_1_5' title="bbox 87 467 1712 539; baseline 0.005 -21"><span class='ocrx_word' id='word_1_30' title='bbox 87 469 167 519; x_wconf 89' lang='lat' dir='ltr'>ille</span> <span class='ocrx_word' id='word_1_31' title='bbox 190 467 259 518; x_wconf 94' lang='lat' dir='ltr'>ibi</span> <span class='ocrx_word' id='word_1_32' title='bbox 283 468 403 518; x_wconf 88' lang='lat' dir='ltr'>dixit</span> <span class='ocrx_word' id='word_1_33' title='bbox 427 469 700 533; x_wconf 84' lang='lat' dir='ltr'>quidquam</span> <span class='ocrx_word' id='word_1_34' title='bbox 726 472 909 521; x_wconf 84' lang='lat' dir='ltr'>addere</span> <span class='ocrx_word' id='word_1_35' title='bbox 934 489 1096 536; x_wconf 91' lang='lat' dir='ltr'>neque</span> <span class='ocrx_word' id='word_1_36' title='bbox 1122 474 1283 523; x_wconf 83' lang='lat' dir='ltr'>debeo</span> <span class='ocrx_word' id='word_1_37' title='bbox 1308 492 1471 538; x_wconf 93' lang='lat' dir='ltr'>neque</span> <span class='ocrx_word' id='word_1_38' title='bbox 1495 493 1712 539; x_wconf 90' lang='lat' dir='ltr'>possum.</span> 
     </span>
    </p>

    <p class='ocr_par' dir='ltr' id='par_1_3' title="bbox 84 549 1736 701">
     <span class='ocr_line' id='line_1_6' title="bbox 153 549 1736 622; baseline 0.004 -22"><span class='ocrx_word' id='word_1_39' title='bbox 153 551 300 600; x_wconf 92' lang='lat' dir='ltr'>Nunc</span> <span class='ocrx_word' id='word_1_40' title='bbox 319 549 551 613; x_wconf 90' lang='lat' dir='ltr'>quoniam</span> <span class='ocrx_word' id='word_1_41' title='bbox 577 551 642 599; x_wconf 87' lang='lat' dir='ltr'>ad</span> <span class='ocrx_word' id='word_1_42' title='bbox 662 568 816 599; x_wconf 90' lang='lat' dir='ltr'>unum</span> <span class='ocrx_word' id='word_1_43' title='bbox 842 551 1067 602; x_wconf 86' lang='lat' dir='ltr'>codicem</span> <span class='ocrx_word' id='word_1_44' title='bbox 1093 554 1276 603; x_wconf 88' lang='lat' dir='ltr'>saeculi</span> <span class='ocrx_word' id='word_1_45' title='bbox 1302 556 1462 604; x_wconf 90' lang='lat' dir='ltr'>octavi</span> <span class='ocrx_word' id='word_1_46' title='bbox 1482 556 1559 622; x_wconf 86' lang='grc' dir='ltr'>(π)</span> <span class='ocrx_word' id='word_1_47' title='bbox 1580 558 1736 608; x_wconf 92' lang='lat' dir='ltr'>redire</span> 
     </span>
     <span class='ocr_line' id='line_1_7' title="bbox 84 630 1735 701; baseline 0.007 -23"><span class='ocrx_word' id='word_1_48' title='bbox 84 638 344 693; x_wconf 90' lang='lat' dir='ltr'>utrumque</span> <span class='ocrx_word' id='word_1_49' title='bbox 383 647 539 693; x_wconf 87' lang='lat' dir='ltr'>genus</span> <span class='ocrx_word' id='word_1_50' title='bbox 580 630 812 680; x_wconf 91' lang='lat' dir='ltr'>codicum</span> <span class='ocrx_word' id='word_1_51' title='bbox 856 633 1113 683; x_wconf 86' lang='lat' dir='ltr'>fatendum</span> <span class='ocrx_word' id='word_1_52' title='bbox 1163 644 1250 694; x_wconf 87' lang='lat' dir='ltr'>est,</span> <span class='ocrx_word' id='word_1_53' title='bbox 1313 645 1461 685; x_wconf 90' lang='lat' dir='ltr'>restat</span> <span class='ocrx_word' id='word_1_54' title='bbox 1502 655 1735 701; x_wconf 84' lang='lat' dir='ltr'>quaerere</span> 
     </span>
    </p>
   </div>
   <div class='ocr_carea' id='block_1_3' title="bbox 5 711 1735 779">
    <p class='ocr_par' dir='ltr' id='par_1_4' title="bbox 5 711 1735 779">
     <span class='ocr_line' id='line_1_8' title="bbox 5 711 1735 779; baseline 0.007 -22"><span class='ocrx_word' id='word_1_55' title='bbox 5 733 31 749; x_wconf 44' lang='lat'>&lt;-</span> <span class='ocrx_word' id='word_1_56' title='bbox 84 711 216 759; x_wconf 92' lang='lat' dir='ltr'>unde</span> <span class='ocrx_word' id='word_1_57' title='bbox 247 727 306 759; x_wconf 88' lang='lat' dir='ltr'>ea</span> <span class='ocrx_word' id='word_1_58' title='bbox 339 719 439 759; x_wconf 90' lang='lat' dir='ltr'>tam</span> <span class='ocrx_word' id='word_1_59' title='bbox 471 711 592 760; x_wconf 89' lang='lat' dir='ltr'>mira</span> <span class='ocrx_word' id='word_1_60' title='bbox 618 712 893 761; x_wconf 91' lang='lat' dir='ltr'>lectionum</span> <span class='ocrx_word' id='word_1_61' title='bbox 927 714 1181 765; x_wconf 89' lang='lat' dir='ltr'>diversitas</span> <span class='ocrx_word' id='word_1_62' title='bbox 1218 733 1345 779; x_wconf 91' lang='lat' dir='ltr'>quae</span> <span class='ocrx_word' id='word_1_63' title='bbox 1376 727 1449 766; x_wconf 89' lang='lat' dir='ltr'>est</span> <span class='ocrx_word' id='word_1_64' title='bbox 1474 718 1599 768; x_wconf 92' lang='lat' dir='ltr'>inter</span> <span class='ocrx_word' id='word_1_65' title='bbox 1634 721 1735 769; x_wconf 91' lang='lat' dir='ltr'>duo</span> 
     </span>
    </p>
   </div>
   <div class='ocr_carea' id='block_1_4' title="bbox 82 792 1736 877">
    <p class='ocr_par' dir='ltr' id='par_1_5' title="bbox 82 792 1736 877">
     <span class='ocr_line' id='line_1_9' title="bbox 82 792 1736 877; baseline 0.006 -38"><span class='ocrx_word' id='word_1_66' title='bbox 82 807 258 854; x_wconf 87' lang='lat' dir='ltr'>genera</span> <span class='ocrx_word' id='word_1_67' title='bbox 299 801 465 842; x_wconf 88' lang='lat' dir='ltr'>exorta</span> <span class='ocrx_word' id='word_1_68' title='bbox 501 792 575 842; x_wconf 89' lang='lat' dir='ltr'>sit.</span> <span class='ocrx_word' id='word_1_69' title='bbox 649 795 714 842; x_wconf 88' lang='lat' dir='ltr'>Et</span> <span class='ocrx_word' id='word_1_70' title='bbox 754 793 805 843; x_wconf 91' lang='lat' dir='ltr'>in</span> <span class='ocrx_word' id='word_1_71' title='bbox 852 795 945 844; x_wconf 88' lang='lat' dir='ltr'>hac</span> <span class='ocrx_word' id='word_1_72' title='bbox 984 813 1034 845; x_wconf 91' lang='lat' dir='ltr'>re</span> <span class='ocrx_word' id='word_1_73' title='bbox 1072 797 1363 861; x_wconf 91' lang='lat' dir='ltr'>explicanda</span> <span class='ocrx_word' id='word_1_74' title='bbox 1400 808 1562 849; x_wconf 87' lang='lat' dir='ltr'>cetera</span> <span class='ocrx_word' id='word_1_75' title='bbox 1608 817 1736 877; x_wconf 89' lang='lat' dir='ltr'>quae</span> 
     </span>
    </p>
   </div>
   <div class='ocr_carea' id='block_1_5' title="bbox 0 871 1360 942">
    <p class='ocr_par' dir='ltr' id='par_1_6' title="bbox 0 871 1360 942">
     <span class='ocr_line' id='line_1_10' title="bbox 0 871 1360 942; baseline 0.004 -20"><span class='ocrx_word' id='word_1_76' title='bbox 0 877 16 894; x_wconf 87' lang='grc'>“·</span> <span class='ocrx_word' id='word_1_77' title='bbox 82 873 145 923; x_wconf 85' lang='lat' dir='ltr'>de</span> <span class='ocrx_word' id='word_1_78' title='bbox 180 894 216 921; x_wconf 84' lang='grc' dir='ltr'>π</span> <span class='ocrx_word' id='word_1_79' title='bbox 250 871 347 921; x_wconf 91' lang='lat' dir='ltr'>iam</span> <span class='ocrx_word' id='word_1_80' title='bbox 384 872 486 921; x_wconf 88' lang='lat' dir='ltr'>dixi</span> <span class='ocrx_word' id='word_1_81' title='bbox 523 890 601 923; x_wconf 90' lang='lat' dir='ltr'>me</span> <span class='ocrx_word' id='word_1_82' title='bbox 637 873 687 922; x_wconf 94' lang='lat' dir='ltr'>in</span> <span class='ocrx_word' id='word_1_83' title='bbox 724 876 855 924; x_wconf 89' lang='lat' dir='ltr'>claro</span> <span class='ocrx_word' id='word_1_84' title='bbox 891 876 1166 939; x_wconf 89' lang='lat' dir='ltr'>positurum</span> <span class='ocrx_word' id='word_1_85' title='bbox 1203 895 1360 942; x_wconf 89' lang='lat' dir='ltr'>spero.</span> 
     </span>
    </p>
   </div>
   <div class='ocr_carea' id='block_1_6' title="bbox 69 954 1734 2309">
    <p class='ocr_par' dir='ltr' id='par_1_7' title="bbox 69 954 1734 2309">
     <span class='ocr_line' id='line_1_11' title="bbox 149 954 1734 1025; baseline 0.006 -23"><span class='ocrx_word' id='word_1_86' title='bbox 149 954 360 1003; x_wconf 91' lang='lat' dir='ltr'>Duobus</span> <span class='ocrx_word' id='word_1_87' title='bbox 384 954 546 1003; x_wconf 90' lang='lat' dir='ltr'>modis</span> <span class='ocrx_word' id='word_1_88' title='bbox 575 956 698 1005; x_wconf 86' lang='lat' dir='ltr'>haec</span> <span class='ocrx_word' id='word_1_89' title='bbox 722 955 991 1006; x_wconf 91' lang='lat' dir='ltr'>lectionum</span> <span class='ocrx_word' id='word_1_90' title='bbox 1024 958 1278 1009; x_wconf 88' lang='lat' dir='ltr'>diversitas</span> <span class='ocrx_word' id='word_1_91' title='bbox 1304 960 1499 1010; x_wconf 90' lang='lat' dir='ltr'>evenire</span> <span class='ocrx_word' id='word_1_92' title='bbox 1528 971 1734 1025; x_wconf 91' lang='lat' dir='ltr'>poterat.</span> 
     </span>
     <span class='ocr_line' id='line_1_12' title="bbox 82 1036 1734 1106; baseline 0.005 -22"><span class='ocrx_word' id='word_1_93' title='bbox 82 1036 277 1084; x_wconf 92' lang='lat' dir='ltr'>Poterat</span> <span class='ocrx_word' id='word_1_94' title='bbox 301 1043 460 1084; x_wconf 91' lang='lat' dir='ltr'>textus</span> <span class='ocrx_word' id='word_1_95' title='bbox 493 1045 605 1099; x_wconf 90' lang='lat' dir='ltr'>post</span> <span class='ocrx_word' id='word_1_96' title='bbox 634 1053 759 1086; x_wconf 87' lang='lat' dir='ltr'>saec.</span> <span class='ocrx_word' id='word_1_97' title='bbox 795 1037 877 1086; x_wconf 93' lang='lat' dir='ltr'>viii</span> <span class='ocrx_word' id='word_1_98' title='bbox 902 1040 1155 1090; x_wconf 88' lang='lat' dir='ltr'>recenseri.</span> <span class='ocrx_word' id='word_1_99' title='bbox 1229 1043 1327 1091; x_wconf 91' lang='lat' dir='ltr'>Sed</span> <span class='ocrx_word' id='word_1_100' title='bbox 1360 1041 1506 1091; x_wconf 88' lang='lat' dir='ltr'>etiarn</span> <span class='ocrx_word' id='word_1_101' title='bbox 1544 1052 1734 1106; x_wconf 87' lang='lat' dir='ltr'>poterat</span> 
     </span>
     <span class='ocr_line' id='line_1_13' title="bbox 79 1116 1733 1184; baseline 0.004 -19"><span class='ocrx_word' id='word_1_102' title='bbox 79 1116 237 1165; x_wconf 88' lang='lat' dir='ltr'>codex</span> <span class='ocrx_word' id='word_1_103' title='bbox 270 1117 564 1180; x_wconf 90' lang='lat' dir='ltr'>archetypus</span> <span class='ocrx_word' id='word_1_104' title='bbox 593 1140 629 1166; x_wconf 85' lang='grc' dir='ltr'><em>π</em></span> <span class='ocrx_word' id='word_1_105' title='bbox 664 1127 926 1182; x_wconf 90' lang='lat' dir='ltr'>utrumque</span> <span class='ocrx_word' id='word_1_106' title='bbox 961 1137 1116 1184; x_wconf 86' lang='lat' dir='ltr'>genus</span> <span class='ocrx_word' id='word_1_107' title='bbox 1152 1121 1422 1171; x_wconf 89' lang='lat' dir='ltr'>lectionum</span> <span class='ocrx_word' id='word_1_108' title='bbox 1459 1122 1556 1172; x_wconf 89' lang='lat' dir='ltr'>iam</span> <span class='ocrx_word' id='word_1_109' title='bbox 1594 1123 1644 1172; x_wconf 91' lang='lat' dir='ltr'>in</span> <span class='ocrx_word' id='word_1_110' title='bbox 1681 1141 1733 1173; x_wconf 92' lang='lat' dir='ltr'>se</span> 
     </span>
     <span class='ocr_line' id='line_1_14' title="bbox 79 1195 1733 1262; baseline 0.005 -17"><span class='ocrx_word' id='word_1_111' title='bbox 79 1195 393 1246; x_wconf 89' lang='lat' dir='ltr'>continuisse.</span> <span class='ocrx_word' id='word_1_112' title='bbox 467 1200 532 1246; x_wconf 89' lang='lat' dir='ltr'>At</span> <span class='ocrx_word' id='word_1_113' title='bbox 557 1208 669 1262; x_wconf 91' lang='lat' dir='ltr'>post</span> <span class='ocrx_word' id='word_1_114' title='bbox 698 1216 823 1248; x_wconf 90' lang='lat' dir='ltr'>saec.</span> <span class='ocrx_word' id='word_1_115' title='bbox 852 1200 933 1248; x_wconf 92' lang='lat' dir='ltr'>viii</span> <span class='ocrx_word' id='word_1_116' title='bbox 959 1210 1146 1251; x_wconf 89' lang='lat' dir='ltr'>textum</span> <span class='ocrx_word' id='word_1_117' title='bbox 1180 1220 1437 1252; x_wconf 88' lang='lat' dir='ltr'>recensum</span> <span class='ocrx_word' id='word_1_118' title='bbox 1463 1220 1570 1253; x_wconf 90' lang='lat' dir='ltr'>esse</span> <span class='ocrx_word' id='word_1_119' title='bbox 1598 1205 1733 1254; x_wconf 91' lang='lat' dir='ltr'>credi</span> 
     </span>
     <span class='ocr_line' id='line_1_15' title="bbox 78 1274 1729 1346; baseline 0.005 -22"><span class='ocrx_word' id='word_1_120' title='bbox 78 1274 276 1340; x_wconf 70' lang='lat' dir='ltr'>neqmt:</span> <span class='ocrx_word' id='word_1_121' title='bbox 324 1294 434 1326; x_wconf 85' lang='lat' dir='ltr'>eam</span> <span class='ocrx_word' id='word_1_122' title='bbox 464 1277 597 1327; x_wconf 91' lang='lat' dir='ltr'>enim</span> <span class='ocrx_word' id='word_1_123' title='bbox 635 1279 975 1329; x_wconf 89' lang='lat' dir='ltr'>recensionem</span> <span class='ocrx_word' id='word_1_124' title='bbox 1018 1298 1167 1344; x_wconf 88' lang='lat' dir='ltr'>quam</span> <span class='ocrx_word' id='word_1_125' title='bbox 1206 1292 1478 1346; x_wconf 85' lang='lat' dir='ltr'>sequuntur</span> <span class='ocrx_word' id='word_1_126' title='bbox 1518 1286 1597 1333; x_wconf 66' lang='grc' dir='ltr'>ωδ</span> <span class='ocrx_word' id='word_1_127' title='bbox 1633 1284 1729 1334; x_wconf 91' lang='lat' dir='ltr'>iam</span> 
     </span>
     <span class='ocr_line' id='line_1_16' title="bbox 75 1357 1732 1414; baseline 0.006 -10"><span class='ocrx_word' id='word_1_128' title='bbox 75 1365 189 1404; x_wconf 87' lang='lat' dir='ltr'>ante</span> <span class='ocrx_word' id='word_1_129' title='bbox 207 1357 336 1405; x_wconf 87' lang='lat' dir='ltr'>hanc</span> <span class='ocrx_word' id='word_1_130' title='bbox 359 1365 570 1406; x_wconf 85' lang='lat' dir='ltr'>aetatem</span> <span class='ocrx_word' id='word_1_131' title='bbox 597 1357 836 1408; x_wconf 89' lang='lat' dir='ltr'>exstitisse</span> <span class='ocrx_word' id='word_1_132' title='bbox 861 1368 1099 1408; x_wconf 89' lang='lat' dir='ltr'>testantur</span> <span class='ocrx_word' id='word_1_133' title='bbox 1122 1361 1217 1410; x_wconf 91' lang='lat' dir='ltr'>loci</span> <span class='ocrx_word' id='word_1_134' title='bbox 1244 1362 1385 1410; x_wconf 92' lang='lat' dir='ltr'>multi</span> <span class='ocrx_word' id='word_1_135' title='bbox 1405 1363 1668 1413; x_wconf 86' lang='lat' dir='ltr'>Claudiani</span> <span class='ocrx_word' id='word_1_136' title='bbox 1683 1374 1732 1414; x_wconf 91' lang='lat' dir='ltr'>et</span> 
     </span>
     <span class='ocr_line' id='line_1_17' title="bbox 77 1436 1730 1500; baseline 0.005 -14"><span class='ocrx_word' id='word_1_137' title='bbox 77 1436 267 1486; x_wconf 87' lang='lat' dir='ltr'>Sidonii</span> <span class='ocrx_word' id='word_1_138' title='bbox 290 1436 389 1500; x_wconf 90' lang='lat' dir='ltr'>qui,</span> <span class='ocrx_word' id='word_1_139' title='bbox 426 1437 635 1486; x_wconf 87' lang='lat' dir='ltr'>Statium</span> <span class='ocrx_word' id='word_1_140' title='bbox 661 1438 848 1499; x_wconf 85' lang='lat' dir='ltr'>imitati,</span> <span class='ocrx_word' id='word_1_141' title='bbox 881 1441 1229 1491; x_wconf 90' lang='lat' dir='ltr'>‘deteriorem&#39;</span> <span class='ocrx_word' id='word_1_142' title='bbox 1255 1451 1308 1491; x_wconf 89' lang='lat' dir='ltr'>ut</span> <span class='ocrx_word' id='word_1_143' title='bbox 1333 1443 1512 1492; x_wconf 86' lang='lat' dir='ltr'>dicitur</span> <span class='ocrx_word' id='word_1_144' title='bbox 1543 1454 1730 1494; x_wconf 88' lang='lat' dir='ltr'>textum</span> 
     </span>
     <span class='ocr_line' id='line_1_18' title="bbox 76 1518 1732 1587; baseline 0.007 -22"><span class='ocrx_word' id='word_1_145' title='bbox 76 1526 453 1580; x_wconf 89' lang='lat' dir='ltr'>repraesentant.</span> <span class='ocrx_word' id='word_1_146' title='bbox 525 1518 654 1568; x_wconf 92' lang='lat' dir='ltr'>Vide</span> <span class='ocrx_word' id='word_1_147' title='bbox 680 1519 962 1570; x_wconf 86' lang='lat' dir='ltr'>testimonia</span> <span class='ocrx_word' id='word_1_148' title='bbox 995 1539 1055 1571; x_wconf 87' lang='lat' dir='ltr'>ex</span> <span class='ocrx_word' id='word_1_149' title='bbox 1090 1522 1165 1571; x_wconf 90' lang='lat' dir='ltr'>his</span> <span class='ocrx_word' id='word_1_150' title='bbox 1194 1524 1353 1586; x_wconf 91' lang='lat' dir='ltr'>poetis</span> <span class='ocrx_word' id='word_1_151' title='bbox 1383 1542 1510 1587; x_wconf 89' lang='lat' dir='ltr'>quae</span> <span class='ocrx_word' id='word_1_152' title='bbox 1546 1527 1596 1575; x_wconf 94' lang='lat' dir='ltr'>in</span> <span class='ocrx_word' id='word_1_153' title='bbox 1633 1527 1732 1576; x_wconf 89' lang='lat' dir='ltr'>edi-</span> 
     </span>
     <span class='ocr_line' id='line_1_19' title="bbox 74 1597 1730 1671; baseline 0.007 -25"><span class='ocrx_word' id='word_1_154' title='bbox 74 1597 208 1646; x_wconf 89' lang='lat' dir='ltr'>tione</span> <span class='ocrx_word' id='word_1_155' title='bbox 243 1614 332 1647; x_wconf 89' lang='lat' dir='ltr'>sua</span> <span class='ocrx_word' id='word_1_156' title='bbox 354 1599 641 1648; x_wconf 88' lang='lat' dir='ltr'>Thebaidos</span> <span class='ocrx_word' id='word_1_157' title='bbox 665 1600 748 1649; x_wconf 90' lang='lat' dir='ltr'>lib.</span> <span class='ocrx_word' id='word_1_158' title='bbox 769 1600 867 1650; x_wconf 90' lang='lat' dir='ltr'>i-vi</span> <span class='ocrx_word' id='word_1_159' title='bbox 891 1602 1086 1666; x_wconf 87' lang='lat' dir='ltr'>collegit</span> <span class='ocrx_word' id='word_1_160' title='bbox 1114 1606 1338 1655; x_wconf 91' lang='lat' dir='ltr'>Mueller.</span> <span class='ocrx_word' id='word_1_161' title='bbox 1409 1608 1557 1656; x_wconf 92' lang='lat' dir='ltr'>Adde</span> <span class='ocrx_word' id='word_1_162' title='bbox 1593 1610 1730 1671; x_wconf 92' lang='lat' dir='ltr'>quod</span> 
     </span>
     <span class='ocr_line' id='line_1_20' title="bbox 74 1677 1730 1751; baseline 0.007 -25"><span class='ocrx_word' id='word_1_163' title='bbox 74 1677 124 1726; x_wconf 91' lang='lat' dir='ltr'>in</span> <span class='ocrx_word' id='word_1_164' title='bbox 179 1679 428 1728; x_wconf 91' lang='lat' dir='ltr'>nonnullis</span> <span class='ocrx_word' id='word_1_165' title='bbox 486 1679 607 1729; x_wconf 92' lang='lat' dir='ltr'>locis</span> <span class='ocrx_word' id='word_1_166' title='bbox 665 1680 918 1750; x_wconf 91' lang='lat' dir='ltr'>utriusque</span> <span class='ocrx_word' id='word_1_167' title='bbox 976 1684 1166 1747; x_wconf 88' lang='lat' dir='ltr'>generis</span> <span class='ocrx_word' id='word_1_168' title='bbox 1214 1685 1450 1736; x_wconf 86' lang='lat' dir='ltr'>lectiones</span> <span class='ocrx_word' id='word_1_169' title='bbox 1509 1689 1730 1751; x_wconf 89' lang='lat' dir='ltr'>agnoscit</span> 
     </span>
     <span class='ocr_line' id='line_1_21' title="bbox 75 1758 1729 1824; baseline 0.007 -18"><span class='ocrx_word' id='word_1_170' title='bbox 75 1758 370 1819; x_wconf 88' lang='lat' dir='ltr'>Lactantius,</span> <span class='ocrx_word' id='word_1_171' title='bbox 410 1759 507 1823; x_wconf 92' lang='lat' dir='ltr'>qui,</span> <span class='ocrx_word' id='word_1_172' title='bbox 539 1778 738 1824; x_wconf 88' lang='lat' dir='ltr'>quaqua</span> <span class='ocrx_word' id='word_1_173' title='bbox 771 1771 932 1812; x_wconf 85' lang='lat' dir='ltr'>aetate</span> <span class='ocrx_word' id='word_1_174' title='bbox 961 1763 1142 1824; x_wconf 89' lang='lat' dir='ltr'>vixerit,</span> <span class='ocrx_word' id='word_1_175' title='bbox 1182 1775 1312 1815; x_wconf 91' lang='lat' dir='ltr'>certe</span> <span class='ocrx_word' id='word_1_176' title='bbox 1344 1776 1459 1816; x_wconf 91' lang='lat' dir='ltr'>ante</span> <span class='ocrx_word' id='word_1_177' title='bbox 1495 1785 1620 1818; x_wconf 84' lang='lat' dir='ltr'>saec.</span> <span class='ocrx_word' id='word_1_178' title='bbox 1647 1769 1729 1818; x_wconf 90' lang='lat' dir='ltr'>viii</span> 
     </span>
     <span class='ocr_line' id='line_1_22' title="bbox 73 1839 1729 1910; baseline 0.008 -24"><span class='ocrx_word' id='word_1_179' title='bbox 73 1839 247 1888; x_wconf 89' lang='lat' dir='ltr'>floruit.</span> <span class='ocrx_word' id='word_1_180' title='bbox 320 1839 582 1903; x_wconf 90' lang='lat' dir='ltr'>Linquitur</span> <span class='ocrx_word' id='word_1_181' title='bbox 613 1841 778 1905; x_wconf 91' lang='lat' dir='ltr'>itaque</span> <span class='ocrx_word' id='word_1_182' title='bbox 812 1843 1038 1893; x_wconf 88' lang='lat' dir='ltr'>codicem</span> <span class='ocrx_word' id='word_1_183' title='bbox 1074 1847 1394 1910; x_wconf 89' lang='lat' dir='ltr'>archetypum</span> <span class='ocrx_word' id='word_1_184' title='bbox 1418 1871 1455 1896; x_wconf 85' lang='grc' dir='ltr'>π</span> <span class='ocrx_word' id='word_1_185' title='bbox 1478 1849 1575 1897; x_wconf 87' lang='lat' dir='ltr'>iam</span> <span class='ocrx_word' id='word_1_186' title='bbox 1601 1849 1651 1898; x_wconf 91' lang='lat' dir='ltr'>in</span> <span class='ocrx_word' id='word_1_187' title='bbox 1676 1867 1729 1899; x_wconf 93' lang='lat' dir='ltr'>se</span> 
     </span>
     <span class='ocr_line' id='line_1_23' title="bbox 71 1919 1729 1990; baseline 0.007 -23"><span class='ocrx_word' id='word_1_188' title='bbox 71 1919 372 1970; x_wconf 90' lang='lat' dir='ltr'>continuisse</span> <span class='ocrx_word' id='word_1_189' title='bbox 407 1921 659 1985; x_wconf 92' lang='lat' dir='ltr'>utriusque</span> <span class='ocrx_word' id='word_1_190' title='bbox 693 1923 883 1986; x_wconf 87' lang='lat' dir='ltr'>generis</span> <span class='ocrx_word' id='word_1_191' title='bbox 919 1924 1185 1975; x_wconf 91' lang='lat' dir='ltr'>lectiones:</span> <span class='ocrx_word' id='word_1_192' title='bbox 1222 1926 1273 1976; x_wconf 93' lang='lat' dir='ltr'>id</span> <span class='ocrx_word' id='word_1_193' title='bbox 1298 1931 1434 1990; x_wconf 93' lang='lat' dir='ltr'>quod</span> <span class='ocrx_word' id='word_1_194' title='bbox 1470 1931 1729 1979; x_wconf 91' lang='lat' dir='ltr'>confirmat</span> 
     </span>
     <span class='ocr_line' id='line_1_24' title="bbox 71 2001 1728 2076; baseline 0.007 -28"><span class='ocrx_word' id='word_1_195' title='bbox 71 2015 249 2063; x_wconf 87' lang='lat' dir='ltr'>magna</span> <span class='ocrx_word' id='word_1_196' title='bbox 278 2001 514 2050; x_wconf 92' lang='lat' dir='ltr'>librorum</span> <span class='ocrx_word' id='word_1_197' title='bbox 548 2003 812 2053; x_wconf 92' lang='lat' dir='ltr'>multitudo</span> <span class='ocrx_word' id='word_1_198' title='bbox 847 2004 932 2067; x_wconf 93' lang='lat' dir='ltr'>qui</span> <span class='ocrx_word' id='word_1_199' title='bbox 957 2005 1031 2070; x_wconf 87' lang='lat' dir='ltr'>(ut</span> <span class='ocrx_word' id='word_1_200' title='bbox 1055 2008 1167 2069; x_wconf 82' lang='lat' dir='ltr'>DQ</span> <span class='ocrx_word' id='word_1_201' title='bbox 1190 2010 1299 2057; x_wconf 88' lang='lat' dir='ltr'>cod.</span> <span class='ocrx_word' id='word_1_202' title='bbox 1337 2010 1598 2072; x_wconf 89' lang='lat' dir='ltr'>Roffensis,</span> <span class='ocrx_word' id='word_1_203' title='bbox 1625 2011 1728 2076; x_wconf 89' lang='lat' dir='ltr'>alii)</span> 
     </span>
     <span class='ocr_line' id='line_1_25' title="bbox 71 2081 1726 2154; baseline 0.008 -26"><span class='ocrx_word' id='word_1_204' title='bbox 71 2096 216 2144; x_wconf 92' lang='lat' dir='ltr'>supra</span> <span class='ocrx_word' id='word_1_205' title='bbox 239 2081 502 2131; x_wconf 91' lang='lat' dir='ltr'>lectionem</span> <span class='ocrx_word' id='word_1_206' title='bbox 527 2082 578 2131; x_wconf 95' lang='lat' dir='ltr'>in</span> <span class='ocrx_word' id='word_1_207' title='bbox 605 2093 837 2134; x_wconf 91' lang='lat' dir='ltr'>contextu</span> <span class='ocrx_word' id='word_1_208' title='bbox 856 2102 946 2134; x_wconf 92' lang='lat' dir='ltr'>suo</span> <span class='ocrx_word' id='word_1_209' title='bbox 971 2097 1242 2137; x_wconf 87' lang='lat' dir='ltr'>exstantem</span> <span class='ocrx_word' id='word_1_210' title='bbox 1268 2106 1502 2154; x_wconf 89' lang='lat' dir='ltr'>persaepe</span> <span class='ocrx_word' id='word_1_211' title='bbox 1530 2092 1726 2141; x_wconf 90' lang='lat' dir='ltr'>alterius</span> 
     </span>
     <span class='ocr_line' id='line_1_26' title="bbox 69 2161 1728 2232; baseline 0.007 -23"><span class='ocrx_word' id='word_1_212' title='bbox 69 2161 259 2224; x_wconf 88' lang='lat' dir='ltr'>generis</span> <span class='ocrx_word' id='word_1_213' title='bbox 294 2162 558 2213; x_wconf 91' lang='lat' dir='ltr'>lectionem</span> <span class='ocrx_word' id='word_1_214' title='bbox 600 2164 725 2214; x_wconf 90' lang='lat' dir='ltr'>inter</span> <span class='ocrx_word' id='word_1_215' title='bbox 761 2165 914 2215; x_wconf 90' lang='lat' dir='ltr'>lineas</span> <span class='ocrx_word' id='word_1_216' title='bbox 953 2168 1167 2218; x_wconf 91' lang='lat' dir='ltr'>habent:</span> <span class='ocrx_word' id='word_1_217' title='bbox 1203 2186 1301 2232; x_wconf 88' lang='lat' dir='ltr'>qua</span> <span class='ocrx_word' id='word_1_218' title='bbox 1337 2170 1388 2219; x_wconf 92' lang='lat' dir='ltr'>in</span> <span class='ocrx_word' id='word_1_219' title='bbox 1420 2189 1470 2222; x_wconf 91' lang='lat' dir='ltr'>re</span> <span class='ocrx_word' id='word_1_220' title='bbox 1499 2172 1728 2222; x_wconf 91' lang='lat' dir='ltr'>videntur</span> 
     </span>
     <span class='ocr_line' id='line_1_27' title="bbox 69 2242 1170 2309; baseline 0.008 -20"><span class='ocrx_word' id='word_1_221' title='bbox 69 2242 318 2305; x_wconf 85' lang='lat' dir='ltr'>archetypi</span> <span class='ocrx_word' id='word_1_222' title='bbox 341 2242 603 2306; x_wconf 89' lang='lat' dir='ltr'>imaginem</span> <span class='ocrx_word' id='word_1_223' title='bbox 633 2245 942 2309; x_wconf 87' lang='lat' dir='ltr'>aliquatenus</span> <span class='ocrx_word' id='word_1_224' title='bbox 968 2264 1170 2298; x_wconf 85' lang='lat' dir='ltr'>servare.</span> 
     </span>
    </p>
   </div>
   <div class='ocr_carea' id='block_1_7' title="bbox 136 2322 1788 2385">
    <p class='ocr_par' dir='ltr' id='par_1_8' title="bbox 136 2322 1788 2385">
     <span class='ocr_line' id='line_1_28' title="bbox 136 2322 1788 2385; baseline 0.009 -15"><span class='ocrx_word' id='word_1_225' title='bbox 136 2322 237 2371; x_wconf 92' lang='lat' dir='ltr'>Hic</span> <span class='ocrx_word' id='word_1_226' title='bbox 261 2325 464 2373; x_wconf 87' lang='lat' dir='ltr'>fortasse</span> <span class='ocrx_word' id='word_1_227' title='bbox 487 2324 633 2373; x_wconf 90' lang='lat' dir='ltr'>alicui</span> <span class='ocrx_word' id='word_1_228' title='bbox 658 2325 707 2373; x_wconf 91' lang='lat' dir='ltr'>in</span> <span class='ocrx_word' id='word_1_229' title='bbox 733 2335 950 2376; x_wconf 90' lang='lat' dir='ltr'>mentem</span> <span class='ocrx_word' id='word_1_230' title='bbox 975 2329 1162 2378; x_wconf 88' lang='lat' dir='ltr'>venerit</span> <span class='ocrx_word' id='word_1_231' title='bbox 1186 2330 1346 2379; x_wconf 90' lang='lat' dir='ltr'>mirari</span> <span class='ocrx_word' id='word_1_232' title='bbox 1371 2349 1435 2380; x_wconf 94' lang='lat' dir='ltr'>an</span> <span class='ocrx_word' id='word_1_233' title='bbox 1454 2333 1723 2383; x_wconf 90' lang='lat' dir='ltr'>lectionum</span> <span class='ocrx_word' id='word_1_234' title='bbox 1785 2382 1788 2385; x_wconf 84' lang='lat'>.</span> 
     </span>
    </p>
   </div>
   <div class='ocr_carea' id='block_1_8' title="bbox 64 2400 1725 2720">
    <p class='ocr_par' dir='ltr' id='par_1_9' title="bbox 64 2400 1725 2720">
     <span class='ocr_line' id='line_1_29' title="bbox 67 2400 1724 2473; baseline 0.008 -23"><span class='ocrx_word' id='word_1_235' title='bbox 67 2400 332 2462; x_wconf 87' lang='lat' dir='ltr'>diversitas,</span> <span class='ocrx_word' id='word_1_236' title='bbox 377 2421 525 2467; x_wconf 89' lang='lat' dir='ltr'>quarn</span> <span class='ocrx_word' id='word_1_237' title='bbox 562 2406 796 2455; x_wconf 87' lang='lat' dir='ltr'>exhibent</span> <span class='ocrx_word' id='word_1_238' title='bbox 830 2409 933 2457; x_wconf 92' lang='lat' dir='ltr'>duo</span> <span class='ocrx_word' id='word_1_239' title='bbox 973 2426 1153 2472; x_wconf 86' lang='lat' dir='ltr'>genera</span> <span class='ocrx_word' id='word_1_240' title='bbox 1188 2411 1434 2473; x_wconf 89' lang='lat' dir='ltr'>codicum,</span> <span class='ocrx_word' id='word_1_241' title='bbox 1474 2414 1629 2464; x_wconf 88' lang='lat' dir='ltr'>maior</span> <span class='ocrx_word' id='word_1_242' title='bbox 1663 2416 1724 2465; x_wconf 90' lang='lat' dir='ltr'>sit</span> 
     </span>
     <span class='ocr_line' id='line_1_30' title="bbox 66 2487 1725 2558; baseline 0.01 -29"><span class='ocrx_word' id='word_1_243' title='bbox 66 2497 215 2544; x_wconf 88' lang='lat' dir='ltr'>quam</span> <span class='ocrx_word' id='word_1_244' title='bbox 262 2499 389 2546; x_wconf 89' lang='lat' dir='ltr'>quae</span> <span class='ocrx_word' id='word_1_245' title='bbox 437 2502 495 2533; x_wconf 90' lang='lat' dir='ltr'>ex</span> <span class='ocrx_word' id='word_1_246' title='bbox 541 2487 833 2536; x_wconf 87' lang='lat' dir='ltr'>confusione</span> <span class='ocrx_word' id='word_1_247' title='bbox 882 2490 1150 2539; x_wconf 91' lang='lat' dir='ltr'>litterarum</span> <span class='ocrx_word' id='word_1_248' title='bbox 1204 2492 1478 2557; x_wconf 89' lang='lat' dir='ltr'>ceterisque</span> <span class='ocrx_word' id='word_1_249' title='bbox 1531 2498 1725 2558; x_wconf 92' lang='lat' dir='ltr'>palaeo-</span> 
     </span>
     <span class='ocr_line' id='line_1_31' title="bbox 64 2562 1721 2640; baseline 0.01 -31"><span class='ocrx_word' id='word_1_250' title='bbox 64 2562 304 2626; x_wconf 85' lang='lat' dir='ltr'>graphicis</span> <span class='ocrx_word' id='word_1_251' title='bbox 337 2565 579 2615; x_wconf 91' lang='lat' dir='ltr'>erroribus</span> <span class='ocrx_word' id='word_1_252' title='bbox 617 2567 845 2631; x_wconf 89' lang='lat' dir='ltr'>explicari</span> <span class='ocrx_word' id='word_1_253' title='bbox 880 2570 1050 2633; x_wconf 89' lang='lat' dir='ltr'>possit.</span> <span class='ocrx_word' id='word_1_254' title='bbox 1124 2572 1369 2623; x_wconf 91' lang='lat' dir='ltr'>Maiorem</span> <span class='ocrx_word' id='word_1_255' title='bbox 1407 2592 1514 2624; x_wconf 90' lang='lat' dir='ltr'>esse</span> <span class='ocrx_word' id='word_1_256' title='bbox 1549 2580 1721 2640; x_wconf 91' lang='lat' dir='ltr'>procul</span> 
     </span>
     <span class='ocr_line' id='line_1_32' title="bbox 64 2643 1722 2720; baseline 0.01 -29"><span class='ocrx_word' id='word_1_257' title='bbox 64 2643 231 2693; x_wconf 88' lang='lat' dir='ltr'>dubio.</span> <span class='ocrx_word' id='word_1_258' title='bbox 294 2646 459 2707; x_wconf 85' lang='lat' dir='ltr'>Quod,</span> <span class='ocrx_word' id='word_1_259' title='bbox 487 2664 550 2696; x_wconf 94' lang='lat' dir='ltr'>ne</span> <span class='ocrx_word' id='word_1_260' title='bbox 568 2649 743 2712; x_wconf 87' lang='lat' dir='ltr'>longus</span> <span class='ocrx_word' id='word_1_261' title='bbox 769 2649 875 2710; x_wconf 89' lang='lat' dir='ltr'>sim,</span> <span class='ocrx_word' id='word_1_262' title='bbox 896 2651 992 2700; x_wconf 87' lang='lat' dir='ltr'>tres</span> <span class='ocrx_word' id='word_1_263' title='bbox 1018 2651 1107 2700; x_wconf 90' lang='lat' dir='ltr'>tibi</span> <span class='ocrx_word' id='word_1_264' title='bbox 1133 2653 1227 2702; x_wconf 91' lang='lat' dir='ltr'>loci</span> <span class='ocrx_word' id='word_1_265' title='bbox 1254 2655 1722 2720; x_wconf 80' lang='lat' dir='ltr'>demonstraverint:</span> 
     </span>
    </p>
   </div>
   <div class='ocr_carea' id='block_1_9' title="bbox 2 2727 543 2776">
    <p class='ocr_par' dir='ltr' id='par_1_10' title="bbox 2 2727 543 2776">
     <span class='ocr_line' id='line_1_33' title="bbox 2 2727 543 2776; baseline 0.013 -6"><span class='ocrx_word' id='word_1_266' title='bbox 2 2763 10 2770; x_wconf 95' lang='lat'>.</span> <span class='ocrx_word' id='word_1_267' title='bbox 64 2733 177 2772; x_wconf 90' lang='lat' dir='ltr'>sunt</span> <span class='ocrx_word' id='word_1_268' title='bbox 201 2734 367 2775; x_wconf 90' lang='lat' dir='ltr'>autem</span> <span class='ocrx_word' id='word_1_269' title='bbox 393 2727 444 2775; x_wconf 92' lang='lat' dir='ltr'>hi</span> <span class='ocrx_word' id='word_1_270' title='bbox 464 2747 543 2776; x_wconf 88' lang='lat'>:—</span> 
     </span>
    </p>
   </div>
   <div class='ocr_carea' id='block_1_10' title="bbox 64 2819 1569 2961">
    <p class='ocr_par' dir='ltr' id='par_1_11' title="bbox 64 2819 1569 2961">
     <span class='ocr_line' id='line_1_34' title="bbox 64 2822 122 2854; baseline 0.017 -1"><span class='ocrx_word' id='word_1_271' title='bbox 64 2822 122 2854; x_wconf 79' lang='lat' dir='ltr'>iv.</span> 
     </span>
     <span class='ocr_line' id='line_1_35' title="bbox 131 2819 1569 2961; baseline 0.01 -28"><span class='ocrx_word' id='word_1_272' title='bbox 131 2819 412 2950; x_wconf 60' lang='grc' dir='ltr'>Ιῗιὶἓᾳυὶωι·</span> <span class='ocrx_word' id='word_1_273' title='bbox 445 2889 769 2954; x_wconf 89' lang='lat' dir='ltr'>geminusque</span> <span class='ocrx_word' id='word_1_274' title='bbox 807 2892 930 2942; x_wconf 91' lang='lat' dir='ltr'>bibit</span> <span class='ocrx_word' id='word_1_275' title='bbox 965 2897 1029 2944; x_wconf 90' lang='lat' dir='ltr'>de</span> <span class='ocrx_word' id='word_1_276' title='bbox 1064 2895 1244 2946; x_wconf 86' lang='lat' dir='ltr'>vertice</span> <span class='ocrx_word' id='word_1_277' title='bbox 1281 2913 1480 2961; x_wconf 90' lang='lat' dir='ltr'>serpens</span> <span class='ocrx_word' id='word_1_278' title='bbox 1516 2901 1569 2947; x_wconf 87' lang='lat' dir='ltr'><em>P</em></span> 
     </span>
    </p>
   </div>
   <div class='ocr_carea' id='block_1_11' title="bbox 131 2967 1522 3088">
    <p class='ocr_par' dir='ltr' id='par_1_12' title="bbox 131 2967 1522 3088">
     <span class='ocr_line' id='line_1_36' title="bbox 131 2967 1522 3041; baseline 0.01 -27"><span class='ocrx_word' id='word_1_279' title='bbox 131 2967 296 3016; x_wconf 87' lang='lat' dir='ltr'>Effluit</span> <span class='ocrx_word' id='word_1_280' title='bbox 330 2970 589 3018; x_wconf 90' lang='lat' dir='ltr'>amborum</span> <span class='ocrx_word' id='word_1_281' title='bbox 626 2972 849 3034; x_wconf 86' lang='lat' dir='ltr'>geminus</span> <span class='ocrx_word' id='word_1_282' title='bbox 886 2976 949 3022; x_wconf 91' lang='lat' dir='ltr'>de</span> <span class='ocrx_word' id='word_1_283' title='bbox 986 2976 1164 3025; x_wconf 89' lang='lat' dir='ltr'>vertice</span> <span class='ocrx_word' id='word_1_284' title='bbox 1201 2994 1399 3041; x_wconf 88' lang='lat' dir='ltr'>serpens</span> <span class='ocrx_word' id='word_1_285' title='bbox 1436 2981 1522 3028; x_wconf 65' lang='grc' dir='ltr'>ωδ.</span> 
     </span>
     <span class='ocr_line' id='line_1_37' title="bbox 846 3040 909 3088; baseline 0 0"><span class='ocrx_word' id='word_1_286' title='bbox 846 3040 909 3088; x_wconf 90' lang='lat' dir='ltr'>vii</span> 
     </span>
    </p>
   </div>
  </div>
 </body>
</html>
