1884 3204
130 48 186 96 P.
224 40 466 97 PAPINI
484 55 486 57 ’
504 43 708 98 STATI

127 203 318 236 verrere
352 185 604 250 permittat
640 186 842 253 saniem.
915 196 1186 252 properate,
1225 187 1429 238 verendi
1872 255 1873 258 Ἴ

129 266 470 329 Cecropidae;
509 284 598 316 vos
634 267 727 316 ista
763 270 908 318 decet
943 269 1174 329 vindicta,
1213 270 1500 335 priusquam
1706 285 1789 330 5?0
1854 271 1868 331 f-

128 347 348 396 Emathii
383 349 703 411 Thracesque
737 351 923 410 dolent,
963 366 1190 413 quaeque
1225 360 1381 419 exstat
1416 350 1602 414 ubique
1795 341 1798 344 ’
1861 341 1863 345 ⁴

127 444 247 489 gens
282 445 449 477 arsura
482 427 611 492 rogis
646 429 907 493 manisque
942 430 1171 479 habitura
1207 447 1478 494 supremos.

126 525 243 557 nam
280 509 391 573 quis
427 509 516 559 erit
552 510 737 560 saevire
773 512 990 560 modus?
1037 511 1342 572 bellavimus,
1381 521 1518 572 esto;

127 591 215 639 sed
251 590 475 640 cecidere
510 591 627 640 odia
662 601 711 640 et
745 591 895 654 tristis
933 609 1064 641 mors
1100 592 1264 641 obruit
1298 592 1406 641 iras.

125 679 178 718 tu
215 687 431 734 quoque,
469 680 525 720 ut
559 672 780 735 egregios
816 674 949 721 fama
985 673 1308 735 cognovimus
1344 682 1496 731 actus,
1707 689 1786 734 575
1857 663 1866 684 '³

125 767 228 799 non
264 751 484 801 trucibus
520 752 751 801 monstris
788 752 927 801 Sinin
962 752 1323 816 infandumque
1357 752 1540 803 dedisti

125 832 396 894 Cercyona,
435 840 484 880 et
519 848 722 880 saevum
757 834 907 881 velles
944 832 1148 882 Scirona
1183 843 1467 882 crematum.

124 912 274 961 credo
311 920 359 961 et
393 911 680 960 Amazoniis
715 912 910 961 Tanain
945 914 1160 962 fumasse
1196 913 1449 976 sepulcris,

124 994 259 1042 unde
294 994 417 1041 haec
452 1009 589 1040 arma
624 994 771 1041 refers
788 1011 802 1053 3
849 994 938 1041 sed
972 1002 1022 1042 et
1056 995 1191 1042 hunc
1226 993 1428 1056 dignare
1463 994 1782 1057 triumphum.

123 1074 187 1121 da
222 1073 360 1122 terris
396 1087 552 1121 unum
589 1075 829 1136 caeloque
865 1074 1131 1136 Ereboque
1166 1074 1401 1134 laborem,
1705 1086 1788 1136 580
1869 1071 1871 1074 ’

122 1153 161 1201 si
199 1153 411 1216 patrium
449 1155 748 1202 Marathona
782 1163 936 1215 metu,
970 1154 1012 1203 si
1046 1163 1177 1203 tecta
1211 1155 1382 1204 levasti

124 1234 309 1296 Cresia,
345 1251 438 1284 nec
474 1234 601 1284 fudit
636 1252 790 1284 vanos
826 1252 951 1284 anus
987 1235 1184 1299 hospita
1219 1237 1376 1285 fletus.

122 1315 191 1363 sic
228 1315 317 1364 tibi
352 1332 455 1364 non
491 1318 620 1365 ullae
656 1315 791 1365 socia
826 1316 932 1365 sine
969 1318 1170 1366 Pallade
1206 1333 1415 1380 pugnae,

120 1413 214 1445 nec
250 1414 387 1446 sacer
421 1396 639 1446 invideat
674 1397 875 1460 paribus
911 1397 1198 1461 Tirynthius
1233 1397 1369 1457 actis,
1858 1459 1860 1462 .

122 1494 318 1540 semper
352 1486 401 1527 et
436 1478 489 1526 in
525 1494 683 1538 curru,
722 1495 916 1541 semper
952 1487 1000 1527 te
1038 1488 1194 1532 mater
1229 1488 1461 1528 ovantem
1702 1490 1784 1541 585
1859 1541 1862 1544 Δ

123 1568 307 1619 cernat,
347 1568 396 1608 et
431 1558 644 1608 invictae
679 1559 749 1607 nil
785 1561 882 1608 tale
917 1568 1178 1622 precentur
1212 1561 1472 1609 Athenae.'

189 1639 391 1696 Dixerat
409 1658 423 1701 ς
470 1640 721 1703 excipiunt
757 1650 966 1690 cunctae
1002 1643 1315 1704 tenduntque
1350 1641 1596 1705 precantis

120 1737 235 1769 cum
272 1722 487 1769 clamore
523 1737 732 1782 manus3
778 1721 944 1771 rubuit
981 1722 1264 1784 Neptunius
1300 1724 1445 1772 heros

118 1810 371 1865 permotus
407 1801 620 1850 lacrimis
638 1820 652 1862 3
698 1801 828 1850 iusta
862 1819 979 1851 mox
1014 1802 1239 1851 concitus
1275 1803 1345 1852 ira

118 1884 389 1931 exclamat:
440 1884 732 1944 ‘Quaenam
768 1882 862 1931 ista
896 1899 1054 1932 novos
1090 1883 1283 1932 induxit
1321 1884 1496 1947 Erinys
1600 1934 1603 1937 ,
1701 1899 1783 1947 590

117 1980 381 2026 regnorum
416 1965 615 2014 mores?
662 1980 765 2013 non
801 1965 925 2013 haec
961 1980 1053 2027 ego
1088 1973 1290 2027 pectora
1323 1964 1446 2028 liqui
1515 1993 1517 1995 -

119 2045 380 2094 Graiorum
415 2045 707 2105 abscedens,
748 2044 1002 2108 Scythiam
1039 2047 1359 2109 Pontumque
1394 2045 1608 2096 nivalem

118 2143 233 2174 cum
269 2135 521 2189 peterem;
562 2142 722 2176 novus
760 2128 895 2175 unde
930 2128 1099 2175 furor?
1146 2126 1398 2176 victumne
1433 2127 1616 2191 putasti

118 2207 327 2268 Thesea,
367 2207 473 2257 dire
511 2208 714 2258 Creon?
759 2208 954 2268 adsum,
993 2224 1087 2270 nec
1123 2207 1361 2272 sanguine
1395 2210 1579 2258 fessum

172 2338 255 2386 569
282 2349 455 2376 verrere
474 2335 604 2374 PBK
617 2339 685 2384 (ex
702 2342 870 2376 vertere
889 2350 988 2376 corr.
1005 2336 1071 2386 Κ)
1092 2350 1101 2375 :
1129 2349 1300 2386 uerrere
1321 2337 1412 2387 (sic)
1436 2337 1475 2388 Q
1493 2352 1501 2376 z
1530 2343 1699 2377 vertere
1714 2337 1752 2377 S
1769 2352 1780 2378 :
1829 2333 1846 2353 ”

117 2403 241 2430 urere
261 2390 353 2429 DN
443 2392 692 2441 permittant
714 2391 754 2429 P
860 2404 936 2441 571
968 2391 1142 2430 adolent
1162 2391 1400 2430 Baehrens:
1428 2393 1574 2431 volent
1593 2392 1783 2432 Lemaire
1874 2423 1880 2428 .

117 2458 197 2494 572
218 2458 374 2484 ausura
388 2444 429 2483 P
444 2459 453 2484 ε
482 2458 608 2484 usura
621 2445 836 2485 Baehrens
956 2456 1035 2495 575
1054 2445 1254 2495 adfinem
1270 2446 1314 2484 in
1329 2446 1373 2485 D
1385 2459 1528 2485 versus
1533 2447 1624 2496 fere
1635 2460 1780 2488 omnes
1851 2479 1854 2484 .

111 2506 215 2551 prae
234 2499 404 2538 madore
415 2499 486 2538 vix
500 2500 764 2551 legipossunt
890 2503 971 2549 576
991 2500 1057 2538 sin
1071 2499 1135 2538 P:
1164 2500 1233 2539 sifi
1244 2500 1289 2538 K
1296 2499 1307 2522 ¹
1326 2514 1334 2539 :
1363 2501 1399 2539 si
1415 2501 1562 2540 noneri
1575 2500 1633 2540 S:
1662 2501 1776 2541 sino·
1834 2510 1837 2514 ’
1853 2515 1854 2518 ’

119 2567 216 2592 nem
229 2554 287 2591 13²
304 2567 313 2592 :
341 2555 464 2592 sinon
489 2555 534 2603 (v
553 2560 646 2605 sup.
662 2568 690 2592 n
706 2553 821 2594 add>
840 2554 878 2604 Q
898 2569 907 2593 ι
935 2555 1088 2593 sinone
1103 2554 1171 2592 N:
1201 2554 1366 2594 businin
1388 2554 1430 2592 Β
1449 2568 1585 2607 marg.
1620 2569 1623 2572 ·
1697 2567 1776 2605 577
1839 2555 1842 2560 ’

119 2608 346 2659 Cercyona
381 2608 446 2658 Q:
477 2608 699 2659 Cercyone
726 2609 794 2647 B:
824 2608 1009 2648 Ceciona
1034 2609 1103 2647 K:
1134 2608 1337 2659 Cergyon
1364 2608 1407 2647 P
1565 2609 1712 2649 cirona
1738 2609 1781 2648 P
1843 2606 1847 2622 ³

117 2706 195 2753 581
219 2673 383 2753 patr1i²m
399 2703 438 2754 Q
569 2704 650 2754 582
667 2704 838 2744 Cressia
851 2704 894 2743 P
1001 2705 1082 2756 583
1101 2705 1268 2757 pallada
1286 2704 1328 2743 P
1435 2706 1516 2756 589
1535 2704 1729 2745 conditus
1738 2704 1786 2744 P·

117 2769 196 2809 593
226 2758 360 2811 unde]
382 2758 455 2797 uni
474 2758 516 2797 P
623 2759 782 2810 putetis
800 2759 843 2798 P
1825 2763 1833 2790 ‘-
