1884 3204
927 91 1338 140 THEBAIDOS
1376 93 1591 140 LIBER
1629 95 1705 142 IX

54 235 216 284 nudus
251 242 304 282 ut
339 231 493 280 invisa
529 231 708 280 Cadmi
744 233 915 280 tellure
951 231 1134 280 iaceres

53 313 232 379 sospite
267 314 385 362 me?
431 328 565 360 nunc
600 313 735 360 exsul
771 328 862 374 ego
902 321 1256 374 aeternumque
1292 313 1498 375 fugatus,

52 396 252 460 quando
285 392 408 441 alius
444 391 621 442 misero
656 408 714 440 ac
751 390 925 440 melior
960 390 1080 438 mihi
1117 393 1263 440 frater
1297 393 1575 455 ademptus.

51 486 143 526 n'ec
177 474 272 522 iam
309 472 504 522 sortitus
539 481 726 521 veteres
762 471 997 536 regnique
1033 471 1258 520 nocentis

50 553 294 621 periurum
330 552 560 602 diadema
593 561 742 615 peto:
790 568 892 615 quo
927 551 1105 615 gaudia
1141 553 1262 600 tanti
1315 606 1319 608 ,
1654 572 1704 613 55

50 643 214 699 empta
248 632 367 681 mihi
402 641 486 681 aut
521 641 767 696 sceptrum
804 633 941 695 quod
978 648 1079 680 non
1116 640 1201 680 tua
1236 633 1435 680 dextera
1471 633 1671 681 tradet?

49 713 128 776 ite,
165 713 264 774 viri,
304 722 562 776 totumque
597 714 700 762 fero
738 729 817 761 me
853 711 1061 775 linquite
1097 711 1261 761 fratri:

47 794 116 845 nil
150 811 272 858 opus
307 811 442 842 arma
476 795 601 842 ultra
636 802 875 856 temptare
911 802 960 842 et
995 809 1194 856 pergere
1231 792 1434 852 mortis3

45 874 126 936 ite,
164 892 366 939 precor;
414 874 534 938 quid
569 874 666 923 iam
705 874 885 923 dabitis
923 873 1044 922 mihi
1080 872 1296 937 denique
1334 873 1528 922 maius?

47 957 217 1021 Tydea
250 955 564 1019 consumpsi:
613 972 827 1019 quanam
865 957 962 1004 hoc
998 971 1090 1019 ego
1127 964 1284 1003 morte
1319 955 1510 1018 piabo?
1648 963 1702 1004 60

46 1053 79 1088 ο
111 1053 261 1096 socer,
300 1053 331 1085 o
366 1036 513 1100 Argi!
562 1046 610 1085 et
645 1035 832 1099 primae
868 1036 1002 1084 bona
1038 1035 1191 1099 iurgia
1226 1035 1398 1094 noctis,

44 1119 356 1179 alternaeque
392 1133 566 1165 manus
603 1125 651 1165 et
687 1115 820 1179 longi
856 1115 1032 1180 pignus
1067 1115 1248 1165 amoris

45 1198 113 1248 ira
147 1197 304 1246 brevis
322 1215 336 1257 3
381 1214 483 1246 non
519 1214 599 1246 me
634 1213 752 1246 ense
787 1205 874 1245 tuo
910 1205 1028 1256 tum,
1069 1196 1280 1246 maxime
1316 1198 1507 1260 Tydeu,

43 1277 116 1345 (et
149 1265 362 1342 poteras)
398 1277 550 1326 nostri
586 1286 854 1326 mactatum
891 1277 942 1325 in
977 1277 1147 1326 limine
1183 1277 1486 1326 Adrasti—?

45 1358 163 1425 quin
199 1357 344 1406 etiam
381 1358 581 1406 Thebas
618 1374 698 1406 me
733 1367 932 1420 propter
966 1366 1015 1406 et
1050 1357 1201 1421 impia
1236 1357 1392 1406 fratris
1644 1365 1697 1417 65

45 1449 172 1491 tecta
206 1439 378 1498 libens,
415 1439 548 1486 unde
584 1439 718 1486 haud
753 1437 876 1486 alius
911 1447 1190 1498 remeasset,
1229 1438 1387 1498 adisti,

44 1535 135 1569 ceu
170 1518 360 1568 tibimet
395 1527 588 1582 sceptra
622 1527 671 1567 et
705 1518 928 1582 proprios
965 1521 1149 1567 laturus
1186 1520 1412 1568 honores.

44 1598 139 1650 iam
175 1601 448 1648 Telamona
482 1598 632 1662 pium,
673 1598 770 1647 iam
806 1601 1003 1648 Thesea
1038 1601 1170 1648 fama
1205 1600 1413 1648 tacebat.

45 1680 200 1746 qualis
236 1690 285 1730 et
319 1697 435 1729 ecce
471 1679 637 1729 iaces?
685 1697 812 1743 quae
847 1682 1060 1744 primum
1097 1682 1299 1729 vulnera
1336 1680 1516 1729 mirer?

45 1762 153 1826 quis
177 1772 290 1811 tuus
313 1762 407 1822 hic,
429 1761 538 1825 quis
562 1763 626 1810 ab
651 1757 793 1810 hoste
812 1763 990 1810 cruor?
1026 1778 1153 1824 quae
1179 1771 1227 1811 te
1251 1762 1447 1825 agmina
1472 1762 1618 1826 quive
1653 1781 1703 1825 70

45 1842 287 1893 innumeri
322 1852 530 1892 stravere
565 1842 739 1906 globi?
785 1859 905 1890 num
936 1844 1096 1891 Pallas
1133 1852 1181 1891 et
1216 1842 1321 1906 ipse

45 1922 218 1972 invidit
254 1932 403 1987 pater,
442 1932 490 1972 et
526 1932 629 1972 tota
666 1926 802 1971 Mars
838 1922 1034 1986 impulit
1069 1925 1273 1972 hasta?'

44 2003 114 2052 sic
148 2003 228 2063 ait,
267 2013 315 2052 et
351 2020 576 2052 maerens
613 2003 885 2053 etiamnum
921 2003 1110 2052 lubrica
1145 2005 1262 2052 tabo

44 2101 128 2134 ora
162 2084 250 2133 viri
285 2083 425 2147 tergit
459 2083 669 2133 lacrimis
705 2086 973 2147 dextraque
1008 2084 1213 2148 reponit.

47 2166 221 2213 ‘Tune
257 2181 393 2214 meos
428 2164 583 2213 hostis
618 2167 874 2228 hucusque
910 2181 1099 2225 exosus,
1139 2174 1187 2214 et
1222 2167 1347 2213 ultra
1650 2187 1699 2230 75

44 2261 213 2308 sospes
249 2247 405 2309 ego?’
452 2255 648 2294 exuerat
683 2245 858 2309 vagina
893 2245 1117 2295 turbidus
1154 2262 1323 2295 ensem

97 2387 149 2425 52
177 2381 275 2414 tunc
295 2374 338 2412 P
415 2375 541 2413 exule
561 2376 604 2414 P
697 2387 777 2424 ego
797 2387 877 2413 om.
901 2374 944 2412 P
1041 2375 1199 2425 fugaris
1218 2373 1262 2412 P
1407 2387 1460 2425 53
1489 2388 1572 2416 om.
1602 2372 1703 2427 BQ,

42 2429 137 2469 add.
159 2430 230 2467 im.
257 2442 390 2479 marg.
413 2429 466 2467 al.
491 2442 546 2467 m.
571 2428 610 2478 Q
755 2440 806 2477 54
834 2429 1004 2468 sortitos
1034 2427 1077 2466 P
1198 2431 1252 2478 56
1281 2430 1452 2480 dempta
1474 2430 1700 2482 (suprascr.

43 2484 203 2534 empta)
224 2481 269 2520 D
434 2495 484 2532 57
516 2489 729 2532 totumque
748 2482 814 2520 P:
858 2484 1077 2532 solumque
1106 2482 1175 2521 ωδ
1353 2485 1407 2532 58
1435 2496 1616 2534 pergere
1635 2485 1704 2525 P:

43 2538 223 2588 perdere
242 2536 311 2575 ωδ
480 2538 536 2575 60
562 2536 675 2575 hune
702 2536 836 2575 Barth
991 2539 1040 2576 61
1073 2550 1098 2576 o
1131 2536 1237 2587 Argi
1273 2538 1498 2589 (suprascr.
1534 2552 1616 2588 que
1646 2540 1702 2580 al.

37 2592 120 2643 m.)
162 2590 201 2640 Q
416 2591 470 2628 62
498 2590 742 2640 alternaque
767 2590 884 2629 PBS
1094 2593 1148 2639 63
1177 2598 1264 2631 tum
1282 2591 1358 2630 ΡΞ
1375 2606 1385 2631 :
1412 2598 1514 2631 tunc
1533 2593 1707 2643 BDQN

41 2644 95 2694 64
122 2644 313 2684 mactasti
331 2643 432 2694 DQ³
532 2645 663 2684 limite
681 2643 764 2682 PD
786 2645 904 2695 (corr.
929 2658 978 2684 ex
994 2658 1022 2684 n
1042 2645 1129 2685 ead.
1152 2648 1230 2695 m.)
1248 2645 1286 2684 S
1420 2649 1475 2696 69
1503 2652 1545 2685 at
1564 2647 1698 2688 Barth

43 2699 171 2738 rimer
201 2697 407 2737 Schrader
614 2711 659 2748 71
693 2698 832 2737 Pallas
862 2705 903 2739 et
933 2700 1083 2750 scripsi,
1115 2700 1258 2739 collato
1283 2699 1434 2741 Achill.
1460 2701 1486 2739 i.
1521 2712 1600 2750 547
1631 2702 1705 2741 ubi

42 2751 188 2792 Pallas
209 2757 220 2774 ‘
234 2753 350 2804 virgo
355 2753 555 2803 paterna’
585 2751 735 2803 Tydeos
754 2754 996 2803 appellatur,
1009 2754 1056 2804 cf
1075 2754 1196 2792 etiam
1217 2766 1297 2803 512
1317 2768 1326 2793 :
1356 2754 1479 2793 fallor
1494 2762 1536 2794 et
1553 2755 1663 2795 codd.
1685 2771 1696 2796 :

44 2807 165 2846 fallor
181 2819 237 2846 an
257 2806 446 2856 Bentley:
472 2807 516 2846 ni
538 2807 668 2853 fallor,
693 2813 731 2845 et
752 2806 838 2845 DA
845 2807 860 2830 ²
877 2807 967 2847 edd.
1149 2821 1199 2858 74
1229 2814 1367 2858 terget
1403 2809 1489 2859 QN
1594 2811 1699 2848 dex-

45 2866 191 2910 traque
209 2860 282 2899 PS
296 2875 305 2900 :
335 2862 610 2911 dextramque
627 2860 799 2910 BDQN
931 2864 983 2911 76
1011 2862 1164 2912 vagina
1184 2863 1377 2903 turbidus
1395 2869 1433 2903 et
1452 2877 1501 2914 77
1523 2869 1701 2904 tenuere

49 2927 106 2955 m.
128 2913 196 2966 P1,
219 2915 418 2968 supplevit
432 2915 486 2956 al.
511 2930 566 2955 m.
592 2928 794 2966 aequaeva
