1884 3204
81 80 134 127 P.
174 79 417 127 PAPINI
451 80 659 128 STATI
719 120 723 123 .

82 227 188 267 orat
224 226 273 267 et
306 217 545 267 attonitae
581 218 714 267 varia
748 218 1082 269 oblectamina
1116 214 1321 270 nectens
1665 231 1743 284 185
1815 211 1831 271 f?

81 298 214 348 elicit
247 307 467 348 extremo
502 300 680 362 chelyn
715 303 765 348 et
796 300 1009 349 solantia
1042 317 1183 350 curas

81 381 163 428 fila
198 389 365 428 movet
398 379 669 444 leviterque
703 390 925 444 expertas
960 381 1139 446 pollice
1174 383 1386 431 chordas
1459 372 1461 374 ’

83 463 170 509 dat
204 477 371 524 puero.
445 460 579 509 canit
614 460 695 510 ille
731 461 892 511 libens
927 462 1165 511 immania
1200 465 1407 512 laudum

83 541 303 592 semina:
350 559 478 605 quae
512 541 733 591 tumidae
769 543 1006 607 superarit
1041 543 1173 593 iussa
1207 561 1449 593 novercae
1789 611 1791 613 ι

83 622 567 687 Amphitryoniades,
606 625 815 672 crudum
851 641 953 687 quo
990 625 1213 688 Bebryca
1247 634 1416 674 caestu
1668 643 1748 688 190
1820 639 1822 644 ’

83 704 301 753 obruerit
336 706 524 764 Pollux,
564 714 752 767 quanto
788 704 1091 755 circumdata
1124 723 1254 755 nexu

84 785 267 849 ruperit
300 785 518 848 Aegides
555 784 751 834 Minoia
785 785 1017 835 bracchia
1052 786 1191 847 tauri,

85 877 335 916 maternos
370 867 422 915 in
457 868 557 915 fine
592 875 728 915 toros
764 866 1054 930 superisque
1088 877 1342 930 gravatum

21 967 23 969 ¹
86 947 292 997 Pelion:
340 947 423 996 hic
458 947 590 996 victo
626 946 729 995 risit
763 946 939 996 Thetis
975 946 1119 997 anxia
1154 951 1306 998 vultu.

85 1045 185 1077 nox
219 1028 367 1077 trahit
401 1028 453 1076 in
489 1044 707 1088 somnos,
746 1044 863 1076 saxo
900 1028 1179 1078 conlabitur
1213 1028 1386 1093 ingens
1675 1050 1750 1094 195
1818 1078 1822 1081 ,

88 1111 365 1160 Centaurus
401 1110 715 1172 blandusque
750 1108 932 1158 umeris
967 1126 1020 1159 se
1056 1110 1264 1160 innectit
1298 1111 1532 1172 Achilles,

87 1191 413 1255 (quamquam
448 1190 519 1241 ibi
553 1191 654 1239 fida
688 1189 902 1256 parens),
940 1200 1236 1255 assuetaque
1271 1201 1472 1256 pectora
1507 1195 1707 1243 mavult.

154 1275 224 1321 At
258 1272 434 1322 Thetis
469 1271 729 1321 undisonis
765 1288 853 1335 per
886 1281 1089 1321 noctem
1125 1272 1176 1321 in
1212 1273 1418 1337 rupibus
1453 1283 1633 1335 astans,

88 1370 215 1417 quae
250 1364 369 1403 nato
405 1363 592 1403 secreta
627 1353 757 1413 velit,
800 1353 981 1417 quibus
1016 1354 1200 1403 abdere
1235 1354 1373 1404 terris
1833 1414 1835 1416 v

88 1435 316 1496 destinet,
355 1437 454 1484 huc
489 1435 606 1485 illuc
643 1435 801 1484 divisa
835 1444 1003 1484 mente
1037 1438 1239 1485 volutat.
1676 1457 1757 1487 200
1826 1431 1837 1471 ‚'

87 1517 323 1581 proxima,
374 1518 464 1566 sed
500 1516 674 1566 studiis
711 1518 923 1565 multum
961 1516 1219 1578 Mavortia,
1258 1518 1488 1580 Thrace,

88 1615 182 1647 nec
220 1600 477 1647 Macetum
512 1615 633 1662 gens
669 1599 791 1647 dura
825 1599 988 1661 placet
1022 1600 1328 1663 laudumque
1359 1600 1521 1649 daturi

92 1679 401 1743 Cecropidae
437 1678 697 1728 stimulos:
745 1678 955 1727 nimium
991 1688 1272 1743 opportuna
1307 1680 1485 1730 carinis

93 1763 260 1825 Sestos
297 1760 631 1824 Abydenique
668 1759 837 1809 sinus:
885 1763 1048 1825 placet
1083 1760 1152 1810 ire
1187 1778 1274 1824 per
1309 1763 1433 1811 altas

93 1843 349 1905 Cycladas
422 1841 505 1890 hic
541 1850 733 1904 spretae
770 1843 1119 1905 Myconosque
1155 1842 1456 1906 humilisque
1492 1843 1725 1907 Seriphos

92 1934 141 1973 et
172 1925 392 1972 Lemnos
427 1938 530 1970 non
565 1937 726 1984 aequa
760 1921 873 1970 viris
908 1930 1058 1985 atque
1093 1922 1291 1986 hospita
1327 1924 1483 1972 Delos
1512 1978 1514 1980 ,
1679 1930 1759 1972 206
1830 1987 1831 1991 ¹

93 2004 336 2068 gentibus.
410 2002 600 2052 imbelli
635 2019 794 2066 nuper
829 2003 1130 2066 Lycomedis
1166 2004 1230 2053 ab
1266 2006 1379 2053 aula

93 2085 338 2149 virgineos
374 2094 546 2134 coetus
583 2093 631 2133 et
666 2083 810 2133 litora
843 2101 1058 2148 persona
1092 2086 1213 2134 ludo

94 2166 330 2227 audierat,
369 2168 519 2216 duros
556 2167 804 2215 laxantem
841 2168 1110 2230 Aegaeona
1134 2183 1289 2216 nexus

96 2249 246 2298 missa
281 2247 423 2311 sequi
457 2256 761 2311 centumque
796 2246 879 2297 dei
914 2264 1172 2297 numerare
1207 2257 1421 2297 catenas.
1682 2267 1764 2297 210
1826 2250 1856 2259 ''

96 2333 220 2380 haec
255 2332 431 2394 placet,
471 2330 595 2378 haec
631 2328 836 2378 timidae
871 2331 1016 2378 tellus
1052 2318 1308 2379 tutissima*
1332 2329 1489 2378 matri.

154 2461 231 2509 185
259 2459 467 2500 attonitae
500 2460 619 2497 varia
654 2459 934 2498 obiectamina
966 2458 1010 2497 P
1027 2473 1037 2498 ε
1075 2451 1301 2498 attonitam
1331 2459 1449 2498 vario
1484 2458 1764 2499 oblectamine

94 2515 231 2555 Ele.
355 2520 533 2553 nectens
553 2513 636 2552 PK
655 2527 664 2552 :
694 2514 886 2553 mulcens
907 2513 972 2563 Q:
1004 2514 1160 2552 mulcet
1179 2513 1221 2551 E
1237 2513 1323 2551 cod.
1346 2513 1517 2552 Bentleii
1625 2553 1628 2556 ,
1686 2514 1764 2552 186
1821 2510 1824 2515 ’

97 2569 275 2621 chelyn]
291 2569 493 2608 citharam
509 2567 551 2606 E
638 2569 716 2617 189
736 2582 844 2618 quae
857 2568 904 2606 K
918 2581 927 2606 :
946 2580 976 2622 q
988 2566 1029 2606 E
1044 2581 1054 2606 ε
1073 2569 1186 2618 quod
1200 2567 1281 2617 ΡΩ
1295 2567 1348 2620 (2)
1369 2582 1379 2606 t
1397 2574 1499 2617 quot
1512 2567 1762 2606 Kohlmann
1803 2604 1805 2606 .
1822 2606 1824 2612 ,

101 2638 179 2675 190
207 2625 339 2663 crudo
367 2623 409 2662 E
528 2635 610 2672 quo
639 2622 686 2660 K
715 2622 799 2661 cod.
835 2622 1034 2661 Bentleii:
1075 2623 1189 2673 quod
1216 2621 1288 2660 Ρω
1306 2636 1315 2661 :
1357 2635 1439 2661 om.
1478 2622 1521 2661 E
1686 2634 1762 2673 192
1810 2639 1812 2641 >

98 2679 234 2717 Minoi
261 2678 304 2717 E
470 2690 546 2727 194
575 2678 687 2716 victo
718 2677 827 2727 QK:
857 2677 1002 2716 huicto
1032 2676 1101 2716 P:
1130 2677 1229 2716 ficto
1256 2675 1430 2716 Ecodd.
1451 2677 1542 2716 dett.
1685 2677 1764 2727 196
1798 2684 1827 2699 ··

97 2734 383 2781 blandumque
410 2731 453 2770 E
544 2745 592 2771 se
621 2745 704 2771 om.
731 2730 811 2782 QE
905 2731 1121 2770 Achillum
1151 2732 1192 2770 E
1331 2743 1407 2780 199
1434 2731 1593 2770 addere
1613 2729 1768 2770 telisP
1810 2762 1811 2766 ,

99 2789 228 2837 (prob.
268 2787 462 2826 Vbllmero
494 2786 568 2836 qui
593 2786 691 2825 telis
719 2799 769 2825 ex
795 2786 906 2825 telae
934 2785 1163 2824 descendere
1187 2785 1338 2834 vult!):
1373 2786 1531 2824 abdere
1562 2785 1691 2825 caelis
1711 2785 1761 2835 (l)

98 2843 201 2882 coni.
222 2841 347 2880 Klotz
457 2854 539 2880 200
570 2841 766 2879 Destinat
796 2840 876 2890 QE
993 2853 1070 2879 201
1103 2839 1200 2891 sed]
1224 2853 1304 2879 nec
1333 2838 1398 2878 K2
1540 2852 1620 2889 204
1649 2843 1764 2879 artas
1809 2838 1816 2883 ,’

99 2895 150 2946 Ρ,
173 2896 246 2934 sed
262 2897 307 2946 cf
329 2908 411 2945 530
574 2897 656 2936 206
684 2901 812 2944 atque
831 2895 1047 2945 inhospita
1079 2894 1144 2944 Q:
1183 2900 1225 2933 et
1247 2895 1434 2944 inospita
1463 2893 1505 2933 E
1683 2905 1761 2944 207
1816 2918 1826 2930 .«

99 2950 336 3007 nicomedis
358 2950 401 2991 E
564 2962 651 2999 209*
674 2950 778 2988 dura
803 2948 846 2990 E
1007 2961 1088 2988 210
1117 2948 1230 2987 iussa
1257 2948 1300 2988 E
1745 2949 1755 2954 ”
