1884 3204
60 242 61 246 =
128 221 179 262 ut
212 211 423 276 primum
458 210 601 259 invisi
636 210 821 274 cupido
856 211 972 260 data
1007 211 1152 275 copia
1186 211 1325 274 regis,

60 330 65 343 .
130 295 308 342 ‘Hanc
342 291 431 340 tibi
466 293 530 340 de
565 300 704 340 tanto
739 292 892 340 donat
927 293 1058 340 ferus
1094 291 1291 354 agmine
1326 293 1529 354 Tydeus

42 434 45 435 ⁷
125 371 367 422 infelicem
402 370 632 431 animam,
672 371 774 420 sive
808 373 931 420 haec
966 371 1211 421 sententia
1245 371 1416 421 divum
1722 379 1777 419 60

51 499 53 502 ⁴
125 469 210 502 seu
244 453 439 501 fortuna
472 450 563 499 fuit
598 467 699 511 seu,
738 453 875 514 quod
910 451 1054 500 rubet
1088 451 1158 500 ira
1191 451 1344 511 fateri,

123 531 194 583 vis
227 531 409 580 invicta
441 530 542 580 viri.
613 531 693 580 vix
728 533 877 580 credo
913 540 962 580 et
997 531 1229 580 nuntius:
1277 548 1451 595 omnes

55 645 61 651 -
124 613 440 676 procubuere,
478 628 666 661 omnes.
739 611 899 661 noctis
935 628 1057 675 vaga
1091 612 1279 661 lumina
1314 621 1467 660 testor

50 698 92 757 J„
123 700 171 742 et
205 690 394 740 socium
431 690 589 739 manis
625 699 674 739 et
710 700 772 750 te,
810 693 939 739 mala
974 691 1198 754 protinus
1232 693 1348 751 ales,

123 788 219 836 qua
252 772 414 830 redeo,
451 788 554 820 non
589 772 719 819 hanc
753 771 964 820 lacrimis
999 772 1234 821 meruisse
1269 788 1363 821 nec
1397 781 1505 820 astu
1726 777 1778 830 ⁶5

0 871 1 874 ¹
123 853 370 902 crudelem
405 851 599 900 veniam
634 861 784 915 atque
818 852 1092 902 inhonorae
1128 869 1333 902 munera
1367 852 1504 901 lucis.

125 935 212 982 sed
247 932 368 980 mihi
403 932 536 981 iussa
570 933 720 981 deum
757 932 1040 997 placitoque
1075 933 1243 997 ignara
1279 933 1465 983 moveri

121 1016 334 1076 Atropos
369 1021 518 1076 atque
553 1012 672 1062 olim
706 1030 809 1062 non
845 1015 968 1062 haec
1004 1015 1120 1062 data
1154 1013 1303 1062 ianua
1337 1013 1422 1062 leti

42 1091 55 1098 ‘⁴
121 1093 340 1158 eripuere
375 1110 564 1142 necem.
637 1093 837 1158 iamque
872 1103 926 1142 ut
962 1094 1084 1142 mihi
1119 1094 1325 1158 prodiga
1359 1094 1487 1143 vitae

121 1183 319 1238 pectora
354 1183 403 1223 et
437 1183 706 1223 extremam
741 1174 864 1223 nihil
900 1175 1234 1224 horrescentia
1269 1184 1479 1224 mortem
1732 1191 1783 1234 70

119 1254 340 1319 aspicias,
379 1255 564 1303 bellum
600 1255 859 1304 infandum
895 1255 1247 1318 ominibusque
1281 1264 1510 1318 negatam

122 1335 330 1395 movisti,
366 1336 573 1395 funeste,
610 1335 805 1396 aciem5
851 1337 971 1384 dum
1006 1337 1188 1399 pellere
1223 1337 1354 1398 leges

121 1426 169 1466 et
203 1415 572 1479 consanguineo
605 1416 753 1479 gestis
788 1433 989 1479 regnare
1025 1416 1265 1480 superbus

121 1499 299 1558 exsule,
338 1506 386 1546 te
421 1496 568 1545 series
605 1497 835 1545 orbarum
871 1496 1036 1545 excisa
1070 1498 1335 1546 domorum

121 1577 398 1642 planctibus
433 1577 657 1637 assiduis,
695 1587 744 1626 te
780 1577 888 1627 diro
924 1579 1124 1627 horrore
1159 1580 1382 1626 volantes
1732 1594 1781 1638 75

101 1658 475 1725 ⁸quinquaginta
508 1657 703 1707 animae
739 1658 925 1707 circum
962 1667 1234 1722 noctesque
1270 1658 1478 1721 diesque

113 1731 369 1800 'assilient3
415 1756 578 1802 neque
614 1738 748 1788 enirn
783 1739 888 1803 ipse
925 1742 1119 1788 moror.'
1178 1739 1276 1788 iam
1313 1748 1532 1788 moverat
1554 1739 1662 1787 'iras

120 1839 202 1870 rex
235 1822 379 1880 ferus,
417 1829 465 1868 et
500 1819 659 1869 tristes
695 1820 955 1883 ignescunt
991 1820 1229 1884 sanguine
1264 1822 1441 1868 vultus.

120 1903 235 1951 inde
269 1904 397 1951 ultro
433 1903 672 1965 Phlegyas
708 1910 758 1950 et
793 1919 896 1951 non
931 1911 1190 1951 cunctator
1224 1901 1382 1964 iniqui

122 1984 382 2032 Labdacus
418 1981 531 2047 (hos
566 1981 703 2045 regni
737 1983 918 2030 ferrum
954 1982 1129 2047 penes)
1166 1983 1234 2031 ire
1270 1999 1522 2045 manuque
1728 1991 1782 2031 80

120 2065 407 2128 proturbare
442 2073 629 2127 parant.
703 2065 792 2112 sed
828 2063 926 2112 iam
963 2065 1236 2113 nudaverat
1270 2080 1442 2112 ensem

122 2145 462 2210 magnanimus
497 2154 647 2205 vates,
685 2154 735 2194 et
768 2162 902 2193 nunc
938 2145 1087 2194 trucis
1121 2162 1208 2194 ora
1244 2145 1448 2208 tyranni,

122 2243 254 2276 nunc
288 2228 468 2275 ferrum
502 2235 793 2289 aspectans:
845 2228 1160 2289 ‘Numquam
1197 2225 1287 2274 tibi
1323 2224 1573 2288 sanguinis
1610 2224 1755 2273 huius

121 2309 195 2357 ius
231 2307 319 2356 erit
353 2316 438 2355 aut
473 2324 654 2370 magno
689 2306 831 2355 feries
866 2306 1128 2370 imperdita
1163 2307 1338 2368 Tydeo

121 2398 319 2453 pectora
335 2406 350 2448 ,·
386 2389 516 2436 vado
551 2387 783 2451 equidem
821 2390 1069 2436 exsultans
1106 2397 1373 2451 ereptaque
1408 2388 1507 2434 sata
1727 2397 1779 2447 85

56 2495 60 2496 ν
120 2473 351 2532 insequor
386 2477 434 2517 et
469 2468 675 2517 comites
710 2470 838 2517 feror
872 2477 1180 2532 exspectatus
1215 2470 1281 2517 ad
1317 2468 1530 2516 umbras.

119 2562 167 2601 te
202 2549 388 2614 superis
422 2549 732 2612 fratrique—⁷
768 2558 817 2598 et
850 2549 949 2598 iam
985 2549 1149 2599 media
1184 2566 1294 2598 orsa
1327 2548 1576 2612 loquentis

0 0 10 208 Ι
55 112 57 114 ,
93 148 99 153 .
987 74 1397 123 THEBAIDOS
1435 75 1650 122 LIBER
1691 75 1774 122 111

0 653 4 708 l

171 2681 219 2718 61
251 2680 381 2730 pudet
401 2678 527 2729 codd.,
553 2692 653 2717 corr.
679 2678 910 2717 Gronovius
1017 2677 1078 2716 ira
1106 2676 1268 2716 PBKS
1297 2677 1390 2728 (ore
1409 2673 1617 2727 suprascr.
1642 2676 1697 2716 al.
1722 2690 1779 2715 m.

119 2733 245 2784 PS):
285 2734 347 2772 ire
375 2733 467 2772 DN
495 2735 538 2785 (e
569 2733 623 2772 al.
655 2745 712 2771 m.
742 2733 786 2770 in
819 2745 901 2771 ras,
922 2731 1016 2784 N):
1057 2745 1130 2771 ore
1162 2731 1216 2781 9²
1250 2731 1311 2781 (in
1343 2730 1476 2781 ras.):
1516 2743 1590 2769 ora
1619 2731 1682 2769 vel
1707 2744 1782 2770 ore

120 2788 228 2828 codd.
265 2788 358 2827 dett.
533 2789 584 2835 67
614 2786 863 2837 placidoque
892 2785 935 2823 P
1096 2799 1144 2835 71
1175 2786 1455 2834 omnibusque
1482 2784 1569 2823 B¹z
1597 2786 1782 2824 cunctis-

121 2855 202 2892 que
226 2842 274 2880 N
406 2854 456 2891 73
484 2842 618 2891 gestis
645 2840 713 2879 P:
742 2840 888 2889 gliscis
916 2840 984 2880 ωδ
1011 2840 1126 2891 quod
1141 2853 1236 2879 cum
1256 2840 1458 2890 infinitivo
1478 2851 1562 2877 uon
1583 2840 1784 2891 reperitur

122 2907 170 2946 75
200 2897 391 2936 volentes
419 2895 500 2935 PB
663 2895 718 2934 80
745 2908 819 2934 ore
841 2894 1017 2935 Mueller
1177 2895 1230 2942 84
1259 2893 1372 2932 haud
1392 2906 1547 2944 magno
1575 2893 1621 2931 D
