1884 3204
129 48 486 132 'P.·.PAP1N1'
509 80 722 133 STATI‘

137 217 334 282 sanguis
370 228 418 268 et
453 219 667 269 incensis
704 218 795 284 qui
825 230 992 285 raptus
1027 218 1091 272 ab
1127 221 1332 271 urbibus
1368 221 1508 286 ignis.
1540 212 1542 215 ⁵
1571 217 1578 223 ’

136 309 371 356 terrarum
408 299 611 350 exuviae
646 300 831 350 circum
866 311 916 351 et
951 301 1142 367 fastigia
1176 302 1349 367 templi

137 390 310 444 captae
346 380 649 444 insignibant
682 391 868 446 gentes,
907 385 1194 447 caelataque
1229 385 1356 433 ferro

137 461 376 526 fragmina
411 471 663 526 portarum
699 463 1075 528 bellatricesque
1111 464 1320 525 carinae,

137 552 186 591 et
220 543 360 592 vacui
399 561 566 593 currus
602 544 905 608 protritaque
940 545 1163 595 curribus
1199 562 1297 606 ora,

137 640 296 686 paene
331 623 481 673 etiam
515 625 758 689 gemitus:
805 627 934 675 adeo
970 614 1043 675 vis
1080 626 1242 676 omnis
1279 635 1328 675 et
1364 643 1514 675 omne
1767 689 1770 691 Α

137 706 328 755 vulnus.
400 705 587 769 ubique
622 705 799 770 ipsum,
839 704 928 756 sed
963 724 1065 756 non
1102 703 1313 771 usquam
1349 724 1434 756 ore
1469 706 1675 756 remisso
1758 705 1784 750 ³⁴

138 802 336 835 cernere
372 796 507 835 erat:
555 789 705 835 talem
741 787 910 836 divina
946 787 1195 837 Mulciber
1229 798 1333 837 arte

138 866 393 928 ediderat3
441 869 667 916 nondum
704 867 852 917 radiis
889 878 1190 918 monstratus
1225 871 1420 918 adulter

137 948 285 996 foeda
320 956 548 997 catenato
584 950 740 998 luerat
775 948 992 998 conubia
1025 951 1170 998 lecto.

207 1030 456 1090 Quaerere
492 1032 789 1093 templorum
826 1046 990 1094 regem
1027 1029 1107 1078 vix
1142 1040 1373 1094 coeperat
1407 1033 1508 1080 ales

140 1110 434 1170 Maenalius,
472 1111 636 1160 tremit
671 1128 788 1162 ecce
824 1114 986 1161 solum
1022 1121 1071 1161 et
1108 1112 1297 1177 mugire
1331 1112 1548 1162 refractis

137 1191 360 1255 corniger
397 1193 600 1241 Hebrus
635 1192 811 1256 aquis;
858 1203 977 1242 tunc
1014 1195 1152 1257 quod
1188 1210 1340 1258 pecus
1383 1193 1503 1243 utile
1540 1195 1682 1243 bello

137 1275 316 1322 vallem
352 1273 630 1335 infestabat,
669 1275 884 1339 trepidas
921 1292 1152 1339 spumare
1187 1292 1276 1339 per
1309 1276 1503 1336 herbas,

139 1354 278 1418 signa
311 1355 638 1416 adventantis,
678 1358 974 1421 clausaeque
1009 1359 1275 1407 adamante
1311 1357 1517 1422 perenni

138 1435 394 1486 dissiluere
429 1439 571 1486 fores.
647 1440 886 1502 Hyrcano
921 1438 977 1487 in
1011 1438 1251 1502 sanguine
1288 1441 1494 1503 pulcher

138 1518 246 1582 ipse
282 1518 414 1567 subit
449 1536 607 1578 curru,
648 1519 853 1583 diraque
887 1519 1145 1584 aspargine
1181 1522 1307 1569 latos

139 1609 297 1648 mutat
331 1615 486 1664 agros,
526 1600 683 1664 spolia
717 1618 747 1650 a
782 1610 919 1665 tergo
955 1602 1230 1665 flentesque
1266 1610 1518 1651 catervae:

140 1682 260 1730 dant
296 1681 445 1731 silvae
480 1681 663 1745 nixque
698 1684 798 1731 alta
833 1685 1000 1731 locum
1022 1700 1037 1743 ,·
1081 1682 1202 1747 regit
1238 1692 1342 1732 atra
1377 1682 1550 1747 iugalis

140 1762 409 1826 sanguinea
445 1765 654 1812 Bellona
689 1780 840 1812 manu
882 1766 1132 1828 longaque
1167 1763 1338 1828 fatigat

137 1843 357 1907 cuspide.
429 1844 640 1908 deriguit
673 1844 781 1894 visu
817 1844 1042 1908 Cyllenia
1076 1846 1238 1909 proles

139 1925 468 1989 submisitque
502 1943 686 1990 genas:
734 1925 828 1990 ipsi
863 1925 1135 1976 reverentia
1169 1926 1309 1991 patri,

139 2006 179 2054 si
215 2024 369 2071 prope
405 2007 480 2068 sit,
519 2009 789 2071 dematque
826 2007 983 2057 minas
1020 2024 1114 2057 nec
1149 2007 1266 2057 talia
1302 2011 1519 2081 mandet.

142 2093 153 2113 ‘
174 2089 327 2150 Quod
365 2089 498 2138 Iovis
534 2089 811 2153 imperium,
851 2106 1032 2154 magno
1068 2089 1190 2154 quid
1225 2091 1289 2139 ab
1325 2092 1524 2140 aethere
1558 2099 1723 2155 portas
1741 2077 1803 2141 ?s
1867 2077 1870 2099 ²

139 2180 351 2234 occupat
374 2171 695 2236 Armipotens
724 2177 917 2236 ‘neque
943 2172 1075 2221 enim
1101 2174 1249 2233 hunc,
1276 2190 1521 2237 germane,
1550 2173 1643 2223 sub
1667 2189 1798 2231 axe«,
1867 2206 1869 2208 -

139 2263 316 2316 sponte
351 2252 489 2302 venis
525 2252 815 2317 hiemesque
851 2271 1001 2315 meas,
1040 2253 1121 2303 cui
1155 2253 1350 2304 roscida
1385 2254 1519 2304 iuxta
1792 2257 1795 2267 ”

141 2337 375 2385 Maenala
410 2344 458 2384 et
493 2334 665 2384 aestivi
701 2335 992 2384 clementior
1027 2352 1145 2384 aura
1181 2334 1394 2400 Lycaei.'

139 2416 220 2465 ille
255 2418 400 2465 refert
435 2418 664 2465 consulta
698 2416 862 2480 patris.
936 2434 1029 2466 nec
1064 2419 1213 2480 longa
1249 2426 1480 2477 moratus,

139 2498 264 2547 sicut
299 2499 614 2558 anhelabant,
652 2497 823 2547 iuncto
860 2499 1040 2547 sudore
1075 2498 1286 2547 volantis

141 2582 276 2628 Mars
312 2579 520 2643 impellit
555 2596 726 2643 equos,
764 2579 948 2629 resides
985 2579 1034 2628 in
1071 2580 1258 2644 proelia
1294 2579 1469 2630 Graios

193 2713 246 2760 56
273 2710 545 2760 insignabant
579 2709 635 2748 Pl
747 2722 801 2760 59
828 2686 941 2761 p-one
964 2710 1081 2762 prob.
1105 2709 1312 2750 Heinsius
1335 2707 1360 2750 ⁴e
1390 2709 1474 2751 cod.
1494 2710 1596 2751 Beh‘.
1675 2708 1805 2760 gemi',
1865 2708 1868 2731 ³

138 2773 289 2816 rusque
310 2765 354 2803 D
577 2767 629 2813 65
657 2766 846 2815 mugibat
866 2764 917 2804 ΞΖ
938 2779 947 2804 :
976 2765 1194 2815 mugibere
1213 2765 1355 2805 fractis
1377 2766 1417 2804 P
1615 2766 1670 2804 66
1695 2763 1764 2805 bel
1787 2773 1802 2807 εἰ

139 2821 207 2859 Ρ;
239 2820 358 2858 bellis
379 2819 447 2859 ωδ
572 2833 621 2869 77
652 2832 890 2869 magnoque
912 2826 954 2858 et
975 2820 1027 2859 ab
1051 2820 1088 2858 Ρ
1194 2821 1306 2870 quod
1325 2820 1367 2858 A
1510 2821 1562 2869 78
1591 2820 1702 2859 enim
1721 2831 1764 2858 o
1801 2821 1804 2822 ⁷
1855 2815 1868 2831 ‘³

138 2874 186 2912 N
331 2875 384 2912 82
414 2874 579 2927 iuncto]
614 2874 774 2925 gloss.:
808 2875 980 2914 instanti
1000 2874 1048 2912 N
1171 2876 1225 2924 83
1254 2876 1419 2914 resides
1448 2874 1516 2914 P.
1562 2868 1792 2925 residesqus
1854 2880 1868 2916 “,

142 2932 198 2980 (q.
222 2935 428 2981 suprascr.
452 2928 513 2980 D)
538 2928 606 2968 ωδ
1786 2951 1787 2954 =
1864 2932 1865 2936 ’
