1884 3204
170 87 223 135 P.
263 86 504 136 PAPINI
541 86 747 135 STATI

168 211 318 262 cassis
354 215 534 263 anhela
568 215 708 274 calet,
748 214 964 263 resoluto
998 212 1182 264 vertice
1216 216 1381 265 nudus
1583 233 1592 237 -
1646 249 1650 252 -
1753 214 1830 281 714.

168 294 408 344 exoritur:
456 304 576 344 tunc
611 296 758 344 dulce
793 311 967 344 comae
1002 294 1251 359 radiisque
1288 304 1553 345 trementes
1819 302 1822 303 ’

167 376 314 425 dulce
349 376 509 426 nitent
543 375 675 425 visus
712 385 774 436 et,
813 392 935 439 quas
971 376 1108 426 dolet
1142 376 1248 440 ipse
1284 376 1475 437 morari,

166 458 398 519 nondum·
429 466 647 506 mutatae
683 473 824 506 rosea
858 455 1090 520 lanugine
1124 458 1297 506 malae.

166 553 260 585 nee
295 539 483 588 formae
518 538 613 588 sibi
647 539 795 588 laude
830 540 992 602 placet
1033 539 1347 601 multumque
1383 537 1562 588 severis

166 627 359 680 asperat
395 635 480 668 ora
515 618 675 678 minis,
717 620 806 667 sed
841 618 1014 667 frontis
1050 627 1210 668 servat
1244 619 1489 668 honorem
1753 634 1819 681 70

165 698 236 748 ira
270 700 468 749 decens.
542 702 628 750 dat
663 708 841 763 sponte
875 701 1043 748 locum
1079 700 1323 749 Thebana
1357 699 1600 760 iuventus,
1831 710 1835 714 ’“

166 789 396 829 natorum
432 797 690 840 memores,
728 780 1018 844 intentaque
1053 782 1151 829 tela
1185 790 1485 844 retorquent,

165 862 255 910 sed
289 862 468 925 premit
503 871 552 910 et
588 877 756 910 saevas
793 859 1140 909 miserantibus
1181 859 1357 924 ingerit
1391 863 1570 910 hastas.

163 942 303 990 illum
339 951 388 991 et
423 940 657 991 Sidoniae
691 940 805 1003 iuga
839 956 926 1003 per
959 939 1227 989 Teumesia
1259 942 1508 1004 nymphae

164 1023 434 1071 bellantem
468 1031 619 1085 atque
653 1021 763 1085 ipso
799 1022 979 1070 sudore
1014 1029 1063 1070 et
1097 1023 1298 1085 pulvere
1332 1031 1524 1086 gratum
1699 1048 1701 1051 ·
1754 1039 1836 1085 71

164 1106 383 1166 laudant,
421 1114 471 1155 et
505 1104 656 1154 tacito
693 1107 884 1155 ducunt
918 1104 1126 1169 suspiria
1159 1114 1290 1154 voto.

232 1185 375 1235 Talia
409 1185 631 1236 cernenti
666 1186 799 1235 mitis
835 1185 969 1235 subit
1004 1187 1103 1235 alta
1139 1186 1332 1236 Dianae

165 1268 317 1316 corda
352 1268 507 1327 dolor,
546 1269 767 1331 fletuque
801 1283 952 1331 genas
988 1266 1171 1316 violata
1209 1271 1220 1293 ‘
1238 1268 1419 1330 Quod'
1453 1266 1632 1331 inquit,

168 1353 329 1397 ‘nunc
364 1347 467 1409 tibi,
500 1350 644 1412 vquod
680 1348 765 1398 leti
801 1365 1049 1412 quaeram,
1087 1350 1182 1398 dea
1217 1350 1331 1409 fida,
1369 1347 1637 1412 propinqui
1832 1411 1834 1413 Ι

165 1429 437 1493 effugium?
482 1431 673 1479 haecne
708 1431 837 1479 ultro
872 1429 1145 1493 properasti
1179 1428 1231 1478 in
1266 1428 1465 1494 proelia,
1504 1445 1649 1478 saeve
1751 1444 1800 1490 71
1832 1472 1834 1478 ,

163 1527 222 1559 ac
258 1510 536 1560 miserande
571 1527 694 1574 puer
711 1512 734 1559 ?
779 1512 933 1560 cruda
967 1512 1066 1560 heu
1101 1509 1378 1574 festinaque
1419 1509 1572 1559 virtus
1826 1502 1827 1505 ¹

163 1590 316 1639 suasit
335 1600 400 1640 *et
434 1591 671 1641 hortatrix
705 1591 917 1640 animosi
951 1590 1106 1656 gloria
1140 1591 1238 1641 leti.

162 1671 349 1721 scilieet
383 1682 648 1737 angustum
683 1672 978 1722 iamdudum
1013 1672 1301 1736 urgentibus
1336 1671 1479 1730 annis

164 1753 471 1802 Maenalium
508 1753 612 1814 tibi,
651 1770 813 1817 parve,
851 1769 1043 1814 nemus,
1081 1770 1268 1817 perque
1309 1762 1449 1802 antra
1483 1754 1695 1802 ferarum

162 1832 241 1881 vix
275 1843 410 1883 tutae
446 1834 552 1883 sine
589 1842 745 1883 matre
780 1833 903 1894 viae,
943 1833 1182 1883 silvestria
1215 1833 1356 1883 cuius
1749 1827 1847 1895 7²⁸}

161 1916 389 1964 nondum
424 1917 522 1964 tela
557 1931 740 1979 procax
774 1930 1045 1977 arcumque
1081 1914 1285 1978 implere
1320 1915 1533 1964 valebas.

161 2004 210 2044 et
245 2012 380 2045 nunc
415 1996 498 2045 illa
534 2012 669 2046 meas
705 1995 959 2059 ingentem
994 1994 1183 2059 plangit
1217 1996 1283 2044 ad
1318 2011 1424 2045 aras

160 2075 398 2126 invidiam
435 2079 708 2140 surdasque
743 2076 859 2125 foris
895 2085 945 2126 et
979 2075 1150 2125 limina
1185 2078 1363 2126 lassat:

159 2166 213 2206 tu
249 2157 408 2207 duleis
445 2158 592 2207 lituos
629 2160 915 2222 ululataque
950 2157 1135 2221 proelia
1169 2159 1369 2221 gaudes,
1815 2219 1819 2221 λ

158 2238 273 2288 felix
308 2249 357 2288 et
392 2238 599 2288 miserae
634 2248 827 2288 tantum
863 2237 1097 2288 moriture
1132 2238 1354 2302 parenti.'
1752 2255 1847 2302 725

159 2337 223 2374 ne
258 2330 427 2370 tamen
464 2330 685 2370 extremo
720 2322 897 2368 frustra
931 2319 1187 2369 morientis
1223 2319 1402 2369 honori
1852 2308 1853 2311 Ἴ

158 2401 382 2462 adfuerit,
421 2401 556 2452 venit
590 2401 643 2450 in
678 2400 872 2451 medios
908 2399 1117 2464 caligine
1152 2402 1290 2450 furva

215 2543 402 2581 700-701
433 2543 491 2569 an
516 2530 656 2569 vultus
685 2529 912 2577 exseritur,
933 2529 983 2580 «gf.
1005 2532 1089 2567 not.
1111 2527 1173 2567 ad
1193 2541 1238 2569 X.
1257 2540 1339 2578 455
1487 2542 1562 2579 701
1594 2534 1849 2570 trementw*

158 2584 332 2635 ABDQ
372 2586 557 2636 (erasum
589 2585 633 2623 in
673 2584 741 2634 Q:
782 2590 984 2634 suprascr.
1017 2585 1260 2632 meantes):
1302 2584 1533 2624 frementes
1551 2583 1607 2623 P:
1636 2588 1854 2625 meantes:

157 2639 238 2679 NS
255 2643 292 2679 et
310 2653 444 2690 marg.
467 2639 509 2677 B
529 2653 539 2679 ε
566 2639 775 2679 micantes
793 2638 881 2678 edd.
904 2637 994 2678 dett.
1059 2685 1065 2688 t
1122 2650 1202 2688 703
1230 2643 1390 2677 mutata
1410 2651 1559 2677 roseae
1577 2638 1831 2678 Kohlmann·
1851 2648 1856 2689 J

160 2707 239 2743 704
268 2706 444 2733 severus
464 2693 502 2743 Q
667 2706 745 2743 707
776 2694 1016 2743 intortaque
1038 2692 1078 2743 Q
1247 2705 1327 2742 709
1355 2692 1536 2732 teumesi
1565 2706 1589 2732 e
1607 2693 1767 2732 vertice
1785 2690 1827 2732 P
1844 2707 1855 2743 j

160 2751 228 2800 (ex
243 2748 327 2789 viii.
348 2760 429 2799 344
447 2748 627 2799 irrepsit)
794 2760 873 2797 710
901 2747 1066 2798 graium
1080 2746 1131 2798 P,
1153 2746 1200 2798 qs.
1214 2747 1282 2786 vii.
1297 2748 1378 2786 608
1544 2758 1622 2797 715
1651 2747 1695 2786 in
1714 2745 1800 2786 ΡΙ)
1813 2760 1851 2798 :272

157 2803 211 2840 ad
231 2802 395 2852 BNQS
557 2815 637 2852 720
665 2807 809 2841 tantae
831 2801 886 2852 ΩΙ
1057 2813 1134 2852 725
1164 2802 1336 2841 tandem
1355 2801 1393 2841 S
1517 2802 1723 2841 moriture
1742 2799 1836 2847 PD„

157 2856 246 2897 edd.
280 2861 368 2896 vett.
390 2871 400 2896 ε
439 2856 627 2907 periture
654 2856 819 2906 BNQS
1047 2868 1124 2907 727
1155 2855 1338 2896 adsuerit
1365 2855 1409 2910 (b
1431 2861 1560 2909 supra
1587 2857 1615 2896 d
1640 2854 1760 2909 add.)
1783 2852 1847 2907 Ω·4

159 2910 282 2950 furva
304 2909 473 2951 Grotius
491 2925 501 2951 ε
530 2911 642 2951 fulva
662 2910 775 2951 codd.
1553 2949 1555 2951 ,
1813 2934 1827 2939 «
