1884 3204
990 69 1479 120 ACHILLEIDOS
1516 69 1732 118 LIBER
1769 69 1792 116 Ι

230 206 430 256 litoreae
465 210 682 256 servator
714 207 852 256 Abas
889 206 1158 270 ignotaque
1194 207 1293 271 regi

229 287 462 348 ediderat,
502 289 590 337 sed
627 288 775 338 Graia
811 298 991 348 tamen,
1031 290 1297 338 succedere
1333 288 1469 338 terris

152 387 203 427 30
227 369 440 418 carbasa.
512 370 802 432 procedunt,
839 368 1023 432 gemini
1059 386 1150 418 ceu
1187 371 1386 419 foedere
1423 370 1593 418 iuncto

229 449 434 498 hiberna
469 449 562 497 sub
597 459 744 498 nocte
780 449 916 512 lupi:
955 449 1070 498 licet
1106 459 1154 498 et
1191 447 1291 498 sua'
1313 452 1475 514 pulset
1716 466 1793 510 705

228 539 555 593 natorumque
589 531 758 591 fames,
795 530 993 594 penitus
1029 530 1317 594 rabiemque
1354 530 1611 594 minasque

227 609 538 659 dissimulant
572 610 885 674 humilesque
921 620 1100 671 meant,
1141 628 1204 659 ne
1239 610 1431 659 nuntiet
1468 611 1624 659 hostis

227 706 343 739 cura
377 707 557 739 canum
582 701 632 740 et
667 691 886 755 trepidos
923 702 1124 740 moneat
1160 691 1359 754 vigilare
1396 691 1666 754 magistros.

149 789 198 828 35
289 770 369 820 Sic
405 788 577 835 segnes
614 774 788 822 heroes
825 783 944 822 eunt
980 790 1314 838 campumque
1338 782 1607 837 patentem,

226 851 311 915 qui
344 852 539 902 medius
576 863 746 917 portus
782 856 1065 918 celsamque
1100 854 1354 903 interiacet
1390 855 1578 916 urbem,
1713 871 1793 916 7¹0

224 931 414 980 alterno
450 947 677 981 sermone
714 942 876 982 terunt
893 951 906 994 ;
950 932 1080 996 prior
1115 942 1327 996 occupat
1362 949 1474 982 acer

225 1010 475 1073 Tydides:
527 1015 671 1075 ‘Qua
705 1031 839 1063 nunc
874 1031 1043 1063 verum
1079 1014 1268 1062 ratione
1303 1030 1531 1077 paramus

225 1093 466 1143 scrutari?
507 1111 723 1158 namque
757 1094 993 1158 ambiguo
1028 1096 1122 1144 sub
1157 1105 1356 1159 pectore
1391 1095 1583 1159 pridem

147 1193 202 1233 40
226 1189 380 1233 verso,
419 1174 540 1237 quid
576 1174 788 1225 imbellis
825 1178 1016 1239 thyrsos
1053 1186 1296 1225 mercatus
1333 1185 1382 1225 et
1416 1193 1529 1225 aera

223 1253 428 1303 urbibus
464 1255 514 1303 in
552 1256 727 1305 mediis
765 1259 1090 1321 Baccheaque
1126 1266 1259 1320 terga
1294 1256 1561 1319 mitrasque
1712 1274 1790 1319 7¹5

223 1336 322 1384 huc
357 1335 523 1385 tuleris
558 1336 792 1401 varioque
827 1355 1048 1401 aspersas
1084 1337 1315 1386 nebridas
1350 1339 1508 1386 auro?

223 1415 364 1466 hisne
387 1434 583 1481 gravem
610 1417 805 1467 Priamo
831 1418 1205 1482 Phrygibusque
1239 1417 1452 1466 armabis
1476 1418 1723 1468 Achillem
1742 1421 1763 1467 ?
1779 1422 1789 1442 '

291 1498 370 1546 Illi
405 1499 664 1548 subridens
701 1500 903 1548 Ithacus
939 1500 1142 1562 paulum
1178 1515 1261 1547 ore
1296 1498 1531 1547 remisso:

145 1599 195 1640 45
226 1581 399 1628 ‘Haec
434 1579 537 1639 tibi,
574 1578 790 1643 virginea
825 1581 978 1628 modo
1015 1578 1055 1628 si
1091 1578 1390 1642 Lycomedis
1425 1578 1476 1627 in
1512 1580 1624 1628 aula
1659 1589 1732 1628 est

220 1661 391 1709 fraude
427 1662 597 1721 latens,
635 1663 764 1710 ultro
799 1662 1083 1710 confessum
1119 1660 1171 1708 in
1206 1659 1392 1723 proelia
1428 1662 1613 1709 ducent
1708 1678 1788 1722 720

222 1741 428 1791 Peliden
448 1761 461 1803 5
509 1752 560 1791 tu
597 1752 776 1792 cuncta
810 1743 936 1792 citus
971 1744 1035 1792 de
1071 1760 1238 1806 puppe
1275 1752 1527 1792 memento

219 1825 356 1883 ferre,
394 1823 481 1873 ubi
517 1833 711 1888 tempus
747 1824 849 1885 erit,
888 1824 1203 1887 clipeumque
1239 1823 1314 1872 his
1350 1823 1550 1887 iungere
1586 1823 1745 1884 donis,

221 1904 307 1967 qui
341 1907 546 1968 pulcher
581 1905 730 1969 signis
765 1923 985 1969 auroque
1019 1905 1314 1969 asperrimus
1349 1914 1474 1953 astat
1491 1924 1504 1966 3

143 2002 197 2041 50
220 1999 314 2031 nec
349 1992 423 2031 sat
458 1982 577 2033 erit:
635 1992 800 2032 tecum
835 1982 959 2032 lituo
993 1984 1156 2032 bonus
1191 1982 1320 2031 adsit
1354 1985 1561 2046 Agyrtes

220 2066 566 2127 occultamque
601 2065 773 2113 tubam
809 2064 982 2113 tacitos
1017 2065 1244 2127 adportet
1279 2064 1331 2112 in
1366 2066 1514 2112 usus.'
1705 2083 1783 2127 725

290 2144 503 2205 Dixerat,
542 2154 691 2208 atque
726 2145 835 2208 ipso
870 2155 1121 2208 portarum
1158 2144 1209 2193 in
1245 2144 1415 2193 limine
1450 2162 1615 2209 regern

221 2225 375 2274 cernit
411 2235 459 2274 et
495 2235 694 2275 ostensa
727 2243 903 2290 pacem
938 2228 1184 2289 praefatus
1221 2226 1378 2275 oliva:

223 2309 234 2330 ‘
255 2307 453 2370 Magna,
480 2323 602 2367 reor,
639 2306 932 2370 pridemque
968 2317 1075 2356 tuas
1111 2307 1334 2371 pervenit
1368 2307 1433 2356 ad
1467 2307 1597 2356 auris

176 2446 255 2484 703
285 2435 409 2474 tectis
426 2435 465 2486 Q
645 2449 723 2486 704
752 2436 894 2476 iuncte
912 2435 955 2474 P
1134 2438 1212 2485 706
1240 2436 1462 2486 labemque
1484 2436 1526 2474 P
1706 2450 1785 2486 709

120 2488 304 2528 eruntE
467 2503 548 2540 710
576 2492 740 2530 medios
761 2491 804 2529 P
966 2504 1040 2541 711
1074 2498 1216 2530 terunt
1251 2496 1317 2530 11:
1361 2491 1504 2530 ferunt
1538 2490 1604 2529 vel
1633 2499 1783 2530 serunt

119 2546 200 2583 cett.
312 2555 390 2592 712
419 2557 475 2583 an
504 2548 727 2596 paremus?
840 2558 918 2595 713
948 2545 1112 2595 pridem
1136 2550 1199 2584 11:
1229 2545 1396 2596 quidem
1428 2545 1494 2595 Q:
1523 2545 1720 2595 quiddam
1741 2546 1788 2584 K

121 2607 198 2646 714
227 2597 383 2637 inbello
413 2599 454 2637 E
643 2602 722 2648 716
751 2600 975 2649 variosque
1003 2600 1045 2639 P
1234 2612 1309 2649 717
1342 2599 1503 2650 priamo
1543 2599 1782 2649 Phrygibus

123 2651 226 2701 (om.
245 2653 344 2703 que)
367 2658 404 2691 Π
426 2667 434 2690 :
469 2653 705 2703 phrygibus
725 2654 971 2704 priamoque
1004 2669 1035 2693 ω
1144 2655 1325 2693 armabis
1351 2654 1488 2704 vulg:
1518 2653 1697 2693 armavis
1716 2654 1781 2692 P:

119 2711 301 2745 armatus
333 2706 397 2756 Q:
426 2720 637 2747 armamus
655 2708 743 2746 ΕΚ
921 2720 999 2758 719
1028 2709 1141 2747 molo
1162 2709 1204 2746 P
1377 2721 1451 2758 721
1487 2721 1597 2747 nunc
1629 2708 1782 2747 tacitus

118 2758 159 2798 P
277 2773 354 2810 723
387 2774 533 2811 auroq.
560 2792 568 2800 .
588 2791 598 2801 .
623 2792 633 2802 .
658 2763 920 2813 asperrimus
956 2764 987 2813 (.
1012 2792 1022 2802 .
1045 2793 1055 2802 .
1082 2763 1250 2812 rasura)
1274 2762 1312 2812 Q
1422 2768 1531 2802 astat
1550 2762 1592 2800 E
1608 2766 1646 2801 et
1676 2763 1781 2800 coni.

120 2812 366 2853 Kohlmann
387 2829 395 2853 :
423 2816 548 2855 hasta
567 2816 635 2854 P:
668 2817 787 2856 ardet
807 2832 837 2855 ω
967 2830 1046 2867 724
1077 2830 1156 2857 nec
1183 2816 1306 2856 dedi:
1336 2817 1442 2856 haec
1466 2818 1566 2868 (hoc
1585 2817 1642 2868 E>
1665 2816 1776 2857 codd.

123 2868 200 2916 728
228 2868 475 2920 pridemque
493 2876 588 2910 tuas
605 2871 819 2922 (†pridem
834 2876 1000 2911 vestras
1012 2878 1214 2923 suprascr.
1233 2885 1302 2912 rec.
1321 2873 1399 2923 m.)
1418 2871 1458 2923 Q
