1884 3204
160 0 212 27 Γ.
252 0 494 28 rnrlssl
531 0 738 29 Dlnll.

157 118 446 183 praecipitat
482 136 722 184 suspensa
756 121 936 184 fugam,
974 119 1073 170 iam
1109 121 1308 186 iamque
1345 123 1500 172 teneri

158 199 314 249 credit
350 209 398 249 et
434 202 597 250 elusos
632 201 772 250 audit
806 218 1097 251 concurrere
1133 219 1342 252 morsus.

155 280 224 328 illi
260 283 498 342 aderant,
537 282 707 346 primis
742 282 942 346 iamque
978 284 1231 332 offendere
1267 283 1465 333 carinae
1746 302 1824 348 1⁷0

155 361 395 423 litoribus,
434 372 623 412 certant
658 366 784 412 saltu
821 363 1107 427 contingere
1142 373 1320 412 terram

154 443 463 507 praecipites.
535 444 712 504 miseri,
753 461 878 508 quos
914 461 1017 494 non
1053 453 1138 493 aut
1171 445 1370 494 horrida
1405 444 1555 495 virtus

156 526 319 573 Marte
354 525 448 573 sub
485 525 700 589 Odrysio
734 534 820 574 aut
855 525 1008 575 medii
1043 525 1361 575 inclementia
1396 526 1539 590 ponti

156 605 406 654 hauserit!
445 608 544 654 alta
580 607 730 656 etiam
767 623 1001 670 superum
1038 608 1246 656 delubra
1281 617 1520 671 vaporant

153 686 520 750 promissasque
556 689 756 736 trahunt
790 689 1045 751 pecudes:
1088 687 1226 750 niger
1260 687 1494 738 omnibus
1529 688 1623 738 aris
1745 706 1821 752 175

152 766 278 830 ignis
315 776 363 816 et
399 767 451 832 in
487 768 634 816 nullis
671 767 821 831 spirat
856 769 980 816 deus
1016 766 1205 831 integer
1240 768 1378 817 extis.

152 846 340 896 tardius
376 848 567 897 umenti
602 857 803 897 noctem
839 846 1020 896 deiecit
1056 848 1274 911 Olympo

154 928 377 992 Iuppiter
413 938 461 977 et
496 945 692 977 versum
728 927 848 988 miti,
887 944 1008 987 reor,
1047 929 1247 976 aethera
1283 944 1399 977 cura

152 1009 398 1069 sustinuit,
437 1011 559 1058 dum
586 1011 694 1061 *fata
729 1018 910 1069 vetant,
950 1025 1043 1058 nec
1078 1008 1273 1072 longius
1309 1026 1547 1074 umquam

151 1107 404 1140 cessavere
439 1107 598 1140 novae
634 1091 853 1154 perfecto
889 1091 993 1139 sole
1028 1089 1276 1139 tenebrae.
1746 1100 1824 1142 180

151 1189 259 1221 sera
293 1181 461 1221 tamen
498 1173 690 1221 mundo
725 1180 967 1221 venerunt
1001 1179 1142 1230 astra,
1183 1172 1271 1220 sed
1307 1170 1402 1220 illis

150 1262 199 1302 et
221 1256 388 1302 :Paros
424 1262 473 1302 et
508 1270 772 1303 nemorosa
806 1253 1002 1301 Thasos
1039 1251 1340 1315 crebraeque
1376 1254 1598 1302 relucent

153 1334 396 1396 Cyclades
415 1353 428 1395 3
469 1351 569 1383 una
604 1334 737 1398 gravi
774 1333 971 1397 penitus
1007 1334 1127 1382 latet
1163 1333 1340 1382 obruta
1374 1335 1513 1383 caelo

150 1416 384 1475 Lemnos,
423 1415 475 1463 in
511 1417 641 1464 hanc
678 1415 839 1464 tristes
876 1415 1100 1474 nebulae,
1141 1423 1190 1462 et
1224 1416 1368 1478 plaga
1404 1431 1553 1464 caeca
1588 1430 1798 1478 superne

149 1496 343 1558 texitur,
378 1514 478 1545 una
512 1496 646 1561 vagis
683 1499 903 1546 Lemnos
939 1513 1042 1544 non
1076 1494 1242 1559 agnita
1276 1495 1453 1544 nautis.
1742 1504 1817 1557 ¹85-

152 1587 258 1626 tum
295 1578 529 1627 domibus
565 1578 661 1627 fusi
696 1587 745 1628 et
780 1594 1040 1627 nemorum
1077 1593 1164 1640 per
1199 1593 1356 1640 opaca
1391 1593 1640 1626 sacrorum

150 1659 338 1709 ditibus
374 1659 634 1723 indulgent
670 1659 828 1723 epulis
863 1667 1176 1721 vacuantque
1211 1659 1461 1721 profundo

149 1757 325 1790 aurum
362 1740 580 1790 immane
617 1757 768 1801 mero,
807 1742 930 1790 dum
966 1756 1094 1803 quae
1129 1755 1217 1802 per
1253 1740 1516 1802 Strymona
1550 1755 1758 1803 pugnae,

149 1821 259 1885 quis
298 1823 550 1885 Rhodope
585 1821 812 1885 gelidove
847 1821 987 1869 labor
1022 1820 1227 1868 sudatus
1263 1818 1314 1867 in
1353 1821 1568 1880 Haemo,

149 1920 437 1953 enumerare
472 1911 627 1951 vacat.
699 1919 793 1951 nec
828 1918 944 1962 non,
984 1917 1160 1949 manus
1195 1899 1362 1963 impia,
1399 1909 1583 1964 nuptae
1743 1921 1820 1964 190

152 1994 280 2034 serta
316 1984 443 2034 inter
478 1986 728 2048 festasque
765 1985 918 2047 dapes
955 1998 1057 2046 quo
1093 1980 1308 2029 maxima
1343 1982 1480 2030 cultu

150 2083 379 2130 quaeque
414 2065 614 2126 iacent,
651 2066 856 2115 dederat
892 2063 1024 2112 mitis
1062 2063 1307 2126 Cytherea
1342 2078 1572 2126 suprema

148 2157 296 2197 nocte
331 2147 461 2196 viros
496 2149 748 2211 longoque
782 2147 984 2195 brevem
1019 2153 1133 2208 post
1168 2152 1392 2206 tempore
1427 2160 1601 2207 pacem

148 2229 453 2293 nequiquam
490 2238 539 2277 et
575 2228 779 2278 miseros
815 2226 1032 2291 perituro
1067 2227 1333 2275 adflaverat
1369 2224 1481 2288 igni.
1614 2289 1617 2291 Β

148 2311 431 2360 conticuere
466 2309 617 2369 chori,
657 2308 869 2373 dapibus
905 2309 1126 2370 ludoque
1160 2305 1329 2354 licenti
1739 2326 1814 2369 195

148 2394 203 2441 fit
239 2393 419 2441 modus
456 2400 504 2440 et
539 2390 729 2454 primae
764 2392 1058 2439 decrescunt
1094 2403 1345 2435 murmura
1379 2385 1557 2447 noctis,

147 2490 262 2523 cum
299 2471 654 2536 consanguinei
690 2470 869 2520 mixtus
905 2468 1112 2533 caligine
1149 2467 1259 2517 Leti

147 2571 255 2604 rore
292 2555 499 2603 madens
535 2552 704 2617 Stygio
740 2552 1028 2601 morituram
1063 2547 1376 2613 amplectitur
1411 2549 1584 2598 urbem
1649 2624 1652 2627 K
1875 2612 1884 2637 ,

206 2684 284 2733 169
311 2683 441 2722 audet
479 2681 522 2733 P
738 2693 815 2731 173
844 2681 983 2719 media
1016 2679 1063 2717 N
1279 2690 1356 2727 179
1384 2677 1529 2715 sinunt
1563 2675 1660 2716 A2:
1700 2683 1814 2717 vetat

148 2737 356 2776 Baehrens
522 2737 598 2775 182
629 2735 760 2775 Paros
789 2735 872 2775 PD
903 2733 1164 2774 Gronovius:
1210 2732 1377 2784 paphos
1411 2731 1540 2771 BKN
1561 2746 1571 2771 ι
1618 2731 1737 2783 pasos
1775 2732 1815 2783 Q
1880 2751 1884 2787 =j

150 2794 227 2842 185
255 2792 427 2830 lemnon
447 2790 490 2829 P
1876 2788 1884 2800 “
