1884 3204
128 68 183 115 P.
221 66 464 115 ΡΑΡῙΝῙ
501 68 705 117 STATI

125 222 187 255 ne
223 204 428 270 trepida,
467 223 562 256 nec
596 223 747 270 regna
780 207 918 257 ferox
951 225 1215 273 germanus
1251 207 1470 268 habebit,

120 288 210 336 sed
246 286 439 349 Furiae,
473 287 829 352 geminumque
863 290 1034 350 nefas;
1080 288 1386 352 miserosque
1420 304 1509 352 per
1543 286 1676 337 ensis

121 368 191 432 (ei
226 368 349 417 mihi
369 371 400 434 Ξ)
436 369 649 419 crudelis
683 369 837 419 vincit
872 371 1042 435 pater!
1111 370 1235 420 haec
1271 368 1359 419 ubi
1394 371 1536 430 fatus,

120 448 302 498 labitur
336 459 386 499 et
420 452 547 499 flexa
580 450 762 500 dubios
798 452 1009 515 ambage
1044 450 1290 515 relinquit.
1707 454 1791 511 645

192 532 389 580 Interea
422 530 637 594 gelidam
674 533 903 581 Nemeen
940 541 989 582 et
1024 532 1226 582 conscia
1260 531 1420 581 laudis

124 613 405 661 Herculeae
440 613 645 661 dumeta
679 630 802 677 vaga
836 613 1031 677 legione
1066 614 1305 663 tenebant

123 693 426 754 Inachidae3
473 692 572 741 iam
610 693 840 743 Sidonias
875 704 1093 744 avertere
1128 696 1350 759 praedas,

123 782 351 834 sternere,
390 775 515 844 ferre
551 775 730 824 domos
765 774 942 824 ardent
977 774 1275 838 instantque.
1348 774 1459 838 quis
1495 773 1589 822 iras

120 854 321 915 flexerit,
358 855 494 903 unde
532 871 714 915 morae,
753 854 948 904 medius
984 854 1096 918 quis
1132 854 1366 904 euntibus
1401 872 1547 914 error,
1710 861 1794 916 650
1843 847 1852 855 '

73 990 76 993 Δ
121 935 340 994 Phoebe,
380 936 538 984 doce:
585 952 678 984 nos
714 952 820 984 rara
855 943 1060 985 manent
1095 935 1297 985 exordia
1330 937 1505 984 famae.

191 1015 448 1065 Marcidus
486 1016 712 1065 edomito
747 1016 934 1065 bellum
970 1016 1212 1066 referebat
1246 1017 1311 1065 ab
1349 1018 1551 1083 Haemo

124 1095 308 1157 Liber3
353 1096 423 1145 ibi
458 1096 712 1146 armiferos
747 1096 976 1161 geminae
1009 1096 1108 1146 iam
1144 1096 1306 1146 sidera
1339 1097 1545 1146 brumae

124 1177 259 1242 orgia
294 1179 419 1226 ferre
457 1179 610 1227 Getas
646 1194 931 1242 canumque
965 1178 1204 1228 virescere
1238 1180 1389 1228 dorso

122 1258 317 1322 Othryn
353 1268 402 1308 et
438 1260 598 1308 Icaria
633 1261 921 1323 Rhodopen
956 1268 1237 1309 assueverat
1271 1260 1462 1320 umbra,
1710 1266 1795 1322 655

120 1348 171 1388 et
205 1339 304 1388 iam
339 1340 635 1404 pampineos
671 1349 896 1390 materna
930 1341 997 1390 ad
1032 1339 1232 1390 moenia
1268 1357 1439 1390 currus

120 1431 412 1485 promovet;
459 1423 672 1472 effrenae
707 1423 878 1472 dextra
912 1425 1152 1486 laevaque
1188 1431 1461 1486 sequuntur

119 1505 286 1566 lynces
322 1512 371 1553 et
406 1505 507 1552 uda
543 1521 681 1553 mero
716 1505 945 1553 lambunt
979 1504 1250 1554 retinacula
1285 1503 1445 1568 tigres.

118 1593 231 1648 post
266 1586 566 1634 exsultantes
603 1585 760 1649 spolia
794 1585 1084 1634 armentalia
1118 1594 1317 1649 portant

118 1664 495 1729 seminecesque
530 1668 675 1730 lupos
711 1665 989 1730 scissasque
1027 1665 1346 1716 Mimallones
1382 1683 1533 1715 ursas.
1707 1660 1795 1716 '⁶60

120 1762 215 1796 nec
251 1746 517 1796 comitatus
552 1746 712 1797 iners:
760 1757 876 1797 sunt
911 1747 1011 1797 illic
1048 1749 1129 1797 Ira
1164 1750 1420 1812 Furorque

119 1836 170 1877 et
207 1829 375 1878 Metus
413 1837 462 1878 et
498 1828 666 1878 Virtus
702 1839 752 1878 et
786 1845 1063 1892 numquam
1099 1829 1292 1879 sobrius
1329 1831 1492 1879 Ardor

120 1908 447 1972 succiduique
482 1911 663 1973 gradus
699 1919 749 1959 et
784 1919 944 1959 castra
979 1909 1229 1959 simillima
1267 1910 1384 1974 regi.

119 1990 261 2054 isque
297 1990 384 2040 ubi
419 1992 652 2054 pulverea
688 1992 917 2040 Nemeen
953 1992 1184 2040 effervere
1218 1992 1354 2040 nube

120 2071 368 2136 conspicit
404 2081 453 2121 et
487 2074 677 2123 †solem
713 2072 863 2123 radiis
899 2072 1151 2136 ignescere
1185 2072 1346 2133 ferri‚†
1708 2081 1793 2136 665

121 2154 338 2202 necdum
374 2153 676 2217 compositas
713 2153 830 2203 belli
866 2153 918 2202 in
953 2153 1224 2203 certamina
1257 2154 1476 2213 Thebas,

119 2250 392 2283 concussus
427 2234 556 2296 visis,
596 2252 900 2299 quamquam
936 2253 1021 2285 ore
1056 2244 1107 2286 et
1141 2245 1342 2300 pectore
1378 2245 1577 2296 marcet,

119 2331 332 2379 aeraque
368 2324 703 2380 tympanaque
738 2326 788 2366 et
822 2316 1034 2366 biforem
1075 2316 1279 2366 reticere
1319 2320 1588 2366 tumultum

119 2396 341 2461 imperat,
380 2397 614 2447 attonitas
650 2397 736 2462 qui
771 2397 957 2448 circum
994 2397 1235 2463 plurimus
1269 2398 1414 2459 auris,

175 2528 256 2576 643
293 2527 352 2566 sic
385 2527 726 2578 interpunximus
950 2529 1031 2576 644
1067 2528 1213 2567 vincet
1249 2527 1297 2567 N
1506 2530 1588 2579 645
1626 2528 1794 2579 reliquit

121 2580 251 2619 PDN
393 2584 471 2631 651
504 2588 683 2621 monent
699 2580 827 2621 PDA
980 2585 1062 2633 653
1090 2583 1257 2632 gelidae
1278 2581 1523 2633 (†geminae
1543 2584 1706 2635 marg.)
1726 2583 1792 2623 P:
1844 2603 1848 2606 ·

122 2635 288 2685 gelidae
311 2636 350 2687 Q
362 2642 428 2688 pr.
447 2649 504 2675 m.
528 2635 643 2688 Spr.
666 2650 723 2678 m.
891 2636 992 2688 iam]
1016 2650 1108 2676 cum
1129 2636 1167 2676 S
1181 2649 1254 2676 sec.
1278 2651 1335 2677 m.
1519 2640 1606 2687 655⁷
1627 2637 1792 2678 uvifera

124 2690 302 2739 (ficaria
323 2692 481 2742 marg.)
502 2690 545 2729 P
737 2692 819 2730 660
847 2704 1078 2742 caesasque
1097 2691 1141 2730 A
1340 2693 1422 2741 664
1452 2692 1734 2732 effervescere
1752 2692 1795 2731 P

121 2746 202 2793 665
231 2744 427 2784 frondem
456 2745 623 2785 Slater:
657 2746 806 2785 silvam
826 2745 1014 2785 Koestlin
1123 2745 1272 2786 solis‘.
1306 2774 1318 2786 .
1351 2775 1362 2786 .
1401 2747 1558 2786 ferrum
1589 2746 1791 2798 Madvig:
1832 2798 1839 2801 ,.

110 2799 213 2847 fort,
238 2800 369 2838 solem
399 2800 795 2852 radiis'pallescere
815 2801 915 2840 ferri
934 2814 943 2840 ε
986 2801 1083 2840 item
1103 2800 1338 2852 pallescere
1358 2805 1395 2840 et
1411 2801 1634 2853 ignescere
1652 2800 1713 2841 ad
1734 2801 1788 2842 iv.

128 2866 202 2904 171
225 2854 398 2906 confusa
418 2859 521 2894 sunt
