1884 3204
107 58 160 104 P.
202 58 443 106 PAPINI
482 59 688 106 STATI

271 190 429 238 Turre
464 190 636 252 procul
672 206 868 239 summa
902 190 1114 240 lacrimis
1151 192 1387 242 comitata
1421 210 1644 243 sororum

104 288 186 329 310
209 269 633 334 commissumque
668 280 842 321 tenens
878 281 926 321 et
961 274 1229 322 habentem
1266 274 1470 323 nomina
1505 277 1744 338 Pyrrhum

205 352 458 414 pendebat
493 351 710 400 coniunx
745 353 1003 416 oculisque
1037 353 1089 402 in
1126 356 1328 404 carbasa
1363 355 1470 405 fixis
1717 376 1766 417 ²5
1848 372 1854 377 “

205 431 308 480 ibat
343 442 392 481 et
426 432 532 496 ipsa
566 435 705 494 freto,
743 443 792 483 et
827 451 1045 498 puppem
1081 435 1180 484 iam
1215 438 1321 485 sola
1354 436 1569 486 videbat.

205 512 288 562 ille
323 531 527 578 quoque
562 514 793 579 obliquos
830 515 1011 576 dilecta
1045 518 1110 566 ad
1147 517 1346 567 moenia
1379 520 1544 567 vultus

206 594 423 644 declinat
457 594 759 660 viduamque
794 598 1001 646 domum
1036 597 1348 662 gemitusque
1383 599 1580 648 relictae

107 695 184 736 315
205 675 417 740 cogitat:
460 679 684 726 occultus
722 677 815 726 sub
850 680 1001 728 corde
1036 679 1305 729 renascitur
1338 682 1485 730 ardor

207 758 393 820 datque
427 759 594 806 locum
630 758 795 806 virtus.
868 758 1017 807 sentit
1053 760 1276 809 Laertius
1312 763 1458 811 heros
1719 782 1771 822 30

205 847 508 887 maerentem
544 847 593 887 et
627 839 834 902 placidis
868 841 1128 903 adgressus
1162 843 1359 892 flectere
1393 843 1570 892 dictis:

211 921 378 967 ‘Tene
394 921 405 942 '
440 918 602 982 inquit
639 923 651 944 ‘
667 936 875 983 magnae
910 929 1125 970 vastator
1159 922 1328 972 debite
1363 924 1555 984 Troiae,

207 1017 357 1064 quem
395 1002 600 1049 Danaae
635 1002 830 1062 classes,
869 1018 1019 1065 quem
1056 1002 1227 1052 divum
1263 1007 1461 1054 oracula
1494 1015 1721 1069 poscunt,

106 1077 187 1140 320
206 1090 526 1144 erectumque
562 1091 730 1131 manet
765 1092 979 1149 reserato
1014 1083 1065 1132 in
1101 1084 1271 1134 limine
1308 1088 1518 1148 Bellum,

205 1162 385 1212 callida
418 1162 636 1212 femineo
671 1163 891 1226 genetrix
925 1164 1125 1215 violavit
1159 1166 1345 1216 amictu
1718 1188 1768 1229 35

206 1244 555 1308 commisitque
590 1245 684 1294 illis
721 1254 822 1294 tam
857 1246 1061 1309 grandia
1095 1249 1223 1296 furta
1256 1248 1456 1298 latebris

206 1325 517 1390 speravitque
552 1327 742 1395 fidem?
781 1327 929 1376 nimis
965 1344 996 1377 o
1032 1345 1272 1393 suspensa
1306 1329 1554 1395 nimisque

207 1411 391 1457 mater!
431 1424 497 1456 an
532 1409 656 1457 haec
692 1408 841 1457 tacita
876 1408 1028 1458 virtus
1066 1418 1282 1474 torperet
1316 1411 1367 1460 in
1403 1413 1593 1473 umbra,

106 1509 187 1550 325
208 1507 335 1553 quae
370 1489 450 1538 vix
484 1490 655 1539 audito
691 1489 798 1539 litui
833 1487 1063 1555 clangOre
1098 1492 1274 1556 refugit

207 1580 256 1621 et
291 1570 476 1621 Thetin
512 1581 561 1621 et
595 1572 803 1623 comites
838 1582 887 1622 et
922 1590 1048 1637 quos
1084 1585 1419 1638 suppresserat
1453 1575 1615 1640 ignis?
1720 1598 1775 1637 40

207 1670 302 1702 nec
354 1661 578 1702 nostrum
637 1663 724 1714 est,
781 1656 918 1718 quod
967 1654 1018 1703 in
1070 1672 1206 1704 arma
1262 1656 1400 1706 venis
1453 1657 1773 1722 sequerisque

322 1728 618 1798 precantis:

203 1815 503 1865 venisses—’
540 1815 662 1865 dixit
679 1834 692 1877 3
734 1833 885 1880 quem
922 1817 1104 1866 talibus
1141 1829 1354 1882 occupat
1389 1821 1534 1870 heros

207 1897 450 1947 Aeacius:
501 1900 760 1962 ‘Longum
796 1898 981 1948 resides
1016 1915 1262 1963 exponere
1297 1917 1470 1959 causas

107 1999 187 2038 330
206 1988 585 2042 maternumque
621 1981 789 2041 nefas;
830 1981 927 2029 hoc
962 1980 1275 2030 excusabitur
1308 1998 1427 2031 ense

206 2062 382 2124 Scyros
417 2069 466 2110 et
500 2059 772 2120 indecores,
810 2062 1023 2112 fatorum
1057 2061 1277 2124 crimina,
1314 2065 1491 2113 cultus.
1718 2085 1771 2127 45

206 2151 259 2191 tu
295 2141 460 2205 potius
496 2143 618 2191 dum
655 2144 767 2192 lene
802 2144 981 2192 fretum
1016 2145 1343 2208 Zephyroque
1378 2146 1605 2194 fruuntur

207 2223 423 2283 carbasa,
462 2240 590 2287 quae
628 2223 817 2273 Danais
853 2224 977 2273 tanti
1012 2224 1282 2288 primordia
1317 2226 1446 2286 belli,

207 2305 331 2354 ede:
373 2304 494 2353 libet
529 2304 681 2354 iustas
717 2304 835 2355 hinc
871 2322 1066 2355 sumere
1101 2307 1326 2370 protinus
1361 2307 1487 2357 iras.'

107 2448 712 2555 ῳζέειξὲῗέῗωέῗςζὲο
733 2448 1192 2554 1‘13‘?¹¹f{{{{¹‡1¹1¹¹3¹¹³.52'7
1222 2463 1395 2545 daea}
1398 2451 1622 2555 {spendss’
1623 2452 1772 2547 2215st

103 2559 170 2605 P:
198 2558 333 2598 sensit
350 2557 421 2604 Εῳ
640 2570 689 2607 31
722 2558 972 2612 haerentem
993 2558 1047 2609 Ε,
1054 2558 1157 2609 sort
1181 2564 1277 2599 recte
1486 2573 1540 2610 32
1568 2560 1771 2601 debita'E

106 2624 158 2663 34
187 2613 231 2652 in
251 2626 336 2659 om.
354 2611 397 2650 E
527 2612 660 2652 limite
680 2612 723 2651 P
887 2625 941 2663 35
970 2613 1145 2652 violavit
1165 2613 1565 2664 PMonac.·14557.
1584 2613 1773 2659 violabit

103 2668 170 2706 Ε.
203 2666 362 2707 velavit
387 2681 425 2705 ω
614 2668 669 2715 36
705 2655 788 2706 illis
820 2667 879 2706 P:
925 2667 1022 2707 ullis
1060 2667 1172 2706 EK.
1215 2668 1298 2707 illis
1329 2668 1397 2720 (ex
1433 2669 1529 2708 ullis
1567 2669 1688 2732 corr..)
1730 2669 1774 2721 Q

103 2722 284 2784 grandia
311 2721 429 2761 mbra
456 2720 499 2760 E
657 2734 709 2771 37
738 2722 864 2761 nimis
894 2735 920 2761 o
948 2722 1013 2772 Q:
1046 2722 1176 2761 nimio
1206 2722 1280 2761 K:
1309 2723 1449 2762 animo
1479 2723 1540 2762 E:
1569 2723 1694 2764 nimis
1729 2723 1773 2763 R

105 2775 271 2826 minisq.
297 2776 338 2814 E
453 2811 456 2814 .
497 2777 552 2825 38
581 2776 710 2815 tacita
736 2777 841 2826 HQ:
871 2782 989 2816 tanta
1008 2776 1055 2815 K
1162 2782 1378 2828 torpescet
1396 2778 1439 2816 E
1578 2790 1632 2827 42
1660 2778 1767 2818 dixit

105 2827 174 2869 Π.
207 2831 318 2869 ultro
344 2843 403 2868 ωε
436 2830 693 2881 i’nterpunxtt
711 2831 961 2870 Kohlmann
1072 2843 1124 2881 43
1157 2831 1341 2871 Aeacius
1371 2833 1436 2871 P:
1466 2832 1677 2872 Aeacides
1694 2833 1775 2872 Εω.

105 2875 283 2932 longum
313 2884 378 2922 P:
419 2883 589 2934 longum
627 2891 693 2924 est
722 2900 753 2923 ω
917 2898 969 2935 44
977 2897 1051 2937 —45
1087 2891 1242 2937 transp
1264 2886 1322 2924 E
1466 2901 1534 2937 44
1550 2892 1695 2927 entese
1728 2887 1777 2938 P

106 2939 159 2987 46
187 2938 470 2990 Zephyroque
490 2939 556 2977 P
547 2968 555 2976 .
585 2938 878 2990 Zephyrisque
899 2956 929 2979 ω
1094 2941 1147 2988 48
1176 2940 1313 2980 iussas
1332 2940 1374 2979 P

1873 2707 1884 2730 ‘fl
