<?xml version="1.0" encoding="UTF-8"?>
<!DOCTYPE html PUBLIC "-//W3C//DTD XHTML 1.0 Transitional//EN"
    "http://www.w3.org/TR/xhtml1/DTD/xhtml1-transitional.dtd">
<html xmlns="http://www.w3.org/1999/xhtml" xml:lang="en" lang="en">
 <head>
  <title>
</title>
<meta http-equiv="Content-Type" content="text/html;charset=utf-8" />
  <meta name='ocr-system' content='tesseract 3.04.00' />
  <meta name='ocr-capabilities' content='ocr_page ocr_carea ocr_par ocr_line ocrx_word'/>
</head>
<body>
  <div class='ocr_page' id='page_1' title='image "./thebaisetachille00statuoft_0342.png"; bbox 0 0 1884 3204; ppageno 0'>
   <div class='ocr_carea' id='block_1_1' title="bbox 79 40 659 91">
    <p class='ocr_par' dir='ltr' id='par_1_1' title="bbox 79 40 659 91">
     <span class='ocr_line' id='line_1_1' title="bbox 79 40 659 91; baseline 0 0"><span class='ocrx_word' id='word_1_1' title='bbox 79 42 132 91; x_wconf 93' lang='lat' dir='ltr'>P.</span> <span class='ocrx_word' id='word_1_2' title='bbox 173 40 415 90; x_wconf 89' lang='grc' dir='ltr'><strong>ΡΑΡΙΝΙ</strong></span> <span class='ocrx_word' id='word_1_3' title='bbox 454 41 659 91; x_wconf 91' lang='lat' dir='ltr'>STATI</span> 
     </span>
    </p>
   </div>
   <div class='ocr_carea' id='block_1_2' title="bbox 78 181 1748 410">
    <p class='ocr_par' dir='ltr' id='par_1_2' title="bbox 78 181 1748 410">
     <span class='ocr_line' id='line_1_2' title="bbox 147 181 1453 235; baseline 0.003 -5"><span class='ocrx_word' id='word_1_4' title='bbox 147 182 404 231; x_wconf 87' lang='lat' dir='ltr'>Admonet</span> <span class='ocrx_word' id='word_1_5' title='bbox 439 181 701 232; x_wconf 84' lang='lat' dir='ltr'>attonitam</span> <span class='ocrx_word' id='word_1_6' title='bbox 737 183 866 233; x_wconf 90' lang='lat' dir='ltr'>fidus</span> <span class='ocrx_word' id='word_1_7' title='bbox 903 181 1187 234; x_wconf 87' lang='lat' dir='ltr'>meminisse</span> <span class='ocrx_word' id='word_1_8' title='bbox 1223 183 1453 235; x_wconf 88' lang='lat' dir='ltr'>Creontis</span> 
     </span>
     <span class='ocr_line' id='line_1_3' title="bbox 78 261 1291 329; baseline 0.005 -20"><span class='ocrx_word' id='word_1_9' title='bbox 78 261 204 310; x_wconf 91' lang='lat' dir='ltr'>altor</span> <span class='ocrx_word' id='word_1_10' title='bbox 239 272 288 311; x_wconf 89' lang='lat' dir='ltr'>et</span> <span class='ocrx_word' id='word_1_11' title='bbox 323 265 522 313; x_wconf 91' lang='lat' dir='ltr'>occulto</span> <span class='ocrx_word' id='word_1_12' title='bbox 557 263 847 314; x_wconf 87' lang='lat' dir='ltr'>submittere</span> <span class='ocrx_word' id='word_1_13' title='bbox 882 266 1114 329; x_wconf 89' lang='lat' dir='ltr'>lampada</span> <span class='ocrx_word' id='word_1_14' title='bbox 1148 267 1291 315; x_wconf 88' lang='lat' dir='ltr'>furto.</span> 
     </span>
     <span class='ocr_line' id='line_1_4' title="bbox 79 342 1748 410; baseline 0.003 -20"><span class='ocrx_word' id='word_1_15' title='bbox 79 342 246 406; x_wconf 89' lang='lat' dir='ltr'>regina</span> <span class='ocrx_word' id='word_1_16' title='bbox 282 343 536 408; x_wconf 87' lang='lat' dir='ltr'>Argolicas</span> <span class='ocrx_word' id='word_1_17' title='bbox 573 347 727 395; x_wconf 91' lang='lat' dir='ltr'>modo</span> <span class='ocrx_word' id='word_1_18' title='bbox 762 344 1026 395; x_wconf 87' lang='lat' dir='ltr'>formidata</span> <span class='ocrx_word' id='word_1_19' title='bbox 1060 363 1148 410; x_wconf 92' lang='lat' dir='ltr'>per</span> <span class='ocrx_word' id='word_1_20' title='bbox 1183 347 1342 408; x_wconf 91' lang='lat' dir='ltr'>urbes,</span> <span class='ocrx_word' id='word_1_21' title='bbox 1667 356 1748 396; x_wconf 85' lang='lat'>280</span> 
     </span>
    </p>
   </div>
   <div class='ocr_carea' id='block_1_3' title="bbox 0 422 1528 492">
    <p class='ocr_par' dir='ltr' id='par_1_3' title="bbox 0 422 1528 492">
     <span class='ocr_line' id='line_1_5' title="bbox 0 422 1528 492; baseline 0.005 -21"><span class='ocrx_word' id='word_1_22' title='bbox 0 429 2 432; x_wconf 77' lang='grc'>’</span> <span class='ocrx_word' id='word_1_23' title='bbox 77 433 251 473; x_wconf 89' lang='lat' dir='ltr'>votum</span> <span class='ocrx_word' id='word_1_24' title='bbox 287 422 507 475; x_wconf 91' lang='lat' dir='ltr'>immane</span> <span class='ocrx_word' id='word_1_25' title='bbox 542 426 704 489; x_wconf 90' lang='lat' dir='ltr'>procis</span> <span class='ocrx_word' id='word_1_26' title='bbox 740 443 953 491; x_wconf 90' lang='lat' dir='ltr'>spesque</span> <span class='ocrx_word' id='word_1_27' title='bbox 988 427 1335 490; x_wconf 90' lang='lat' dir='ltr'>augustissima</span> <span class='ocrx_word' id='word_1_28' title='bbox 1367 427 1528 492; x_wconf 86' lang='lat' dir='ltr'>gentis</span> 
     </span>
    </p>
   </div>
   <div class='ocr_carea' id='block_1_4' title="bbox 77 505 1746 1140">
    <p class='ocr_par' dir='ltr' id='par_1_4' title="bbox 78 505 1520 573">
     <span class='ocr_line' id='line_1_6' title="bbox 78 505 1520 573; baseline 0.004 -20"><span class='ocrx_word' id='word_1_29' title='bbox 78 514 227 554; x_wconf 89' lang='lat' dir='ltr'>nocte</span> <span class='ocrx_word' id='word_1_30' title='bbox 263 506 358 555; x_wconf 90' lang='lat' dir='ltr'>sub</span> <span class='ocrx_word' id='word_1_31' title='bbox 392 505 583 568; x_wconf 89' lang='lat' dir='ltr'>infesta,</span> <span class='ocrx_word' id='word_1_32' title='bbox 621 509 760 557; x_wconf 91' lang='lat' dir='ltr'>nullo</span> <span class='ocrx_word' id='word_1_33' title='bbox 795 510 924 558; x_wconf 92' lang='lat' dir='ltr'>duce</span> <span class='ocrx_word' id='word_1_34' title='bbox 959 517 1010 558; x_wconf 92' lang='lat' dir='ltr'>et</span> <span class='ocrx_word' id='word_1_35' title='bbox 1043 509 1188 558; x_wconf 92' lang='lat' dir='ltr'>hoste</span> <span class='ocrx_word' id='word_1_36' title='bbox 1222 508 1520 573; x_wconf 90' lang='lat' dir='ltr'>propinquo,</span> 
     </span>
    </p>

    <p class='ocr_par' dir='ltr' id='par_1_5' title="bbox 78 587 1310 650">
     <span class='ocr_line' id='line_1_7' title="bbox 78 587 1310 650; baseline 0.004 -16"><span class='ocrx_word' id='word_1_37' title='bbox 78 587 183 635; x_wconf 90' lang='lat' dir='ltr'>sola</span> <span class='ocrx_word' id='word_1_38' title='bbox 220 603 308 650; x_wconf 91' lang='lat' dir='ltr'>per</span> <span class='ocrx_word' id='word_1_39' title='bbox 343 589 562 637; x_wconf 85' lang='lat' dir='ltr'>offensus</span> <span class='ocrx_word' id='word_1_40' title='bbox 596 605 846 638; x_wconf 87' lang='lat' dir='ltr'>armorum</span> <span class='ocrx_word' id='word_1_41' title='bbox 882 599 932 638; x_wconf 89' lang='lat' dir='ltr'>et</span> <span class='ocrx_word' id='word_1_42' title='bbox 967 589 1157 638; x_wconf 88' lang='lat' dir='ltr'>lubrica</span> <span class='ocrx_word' id='word_1_43' title='bbox 1191 589 1310 639; x_wconf 89' lang='lat' dir='ltr'>tabo</span> 
     </span>
    </p>

    <p class='ocr_par' dir='ltr' id='par_1_6' title="bbox 77 666 1746 894">
     <span class='ocr_line' id='line_1_8' title="bbox 77 666 1546 730; baseline 0.004 -16"><span class='ocrx_word' id='word_1_44' title='bbox 77 666 311 729; x_wconf 77' lang='lat' dir='ltr'>gramina,</span> <span class='ocrx_word' id='word_1_45' title='bbox 351 684 455 716; x_wconf 93' lang='lat' dir='ltr'>non</span> <span class='ocrx_word' id='word_1_46' title='bbox 491 670 738 730; x_wconf 85' lang='lat' dir='ltr'>tenebras,</span> <span class='ocrx_word' id='word_1_47' title='bbox 773 686 876 717; x_wconf 92' lang='lat' dir='ltr'>non</span> <span class='ocrx_word' id='word_1_48' title='bbox 912 668 1211 725; x_wconf 85' lang='lat' dir='ltr'>circumfusa</span> <span class='ocrx_word' id='word_1_49' title='bbox 1244 680 1546 720; x_wconf 88' lang='lat' dir='ltr'>tremescens</span> 
     </span>
     <span class='ocr_line' id='line_1_9' title="bbox 77 747 1746 815; baseline 0.004 -19"><span class='ocrx_word' id='word_1_50' title='bbox 77 747 289 797; x_wconf 90' lang='lat' dir='ltr'>concilia</span> <span class='ocrx_word' id='word_1_51' title='bbox 312 750 600 798; x_wconf 89' lang='lat' dir='ltr'>umbrarum</span> <span class='ocrx_word' id='word_1_52' title='bbox 624 758 775 812; x_wconf 91' lang='lat' dir='ltr'>atque</span> <span class='ocrx_word' id='word_1_53' title='bbox 798 748 990 798; x_wconf 91' lang='lat' dir='ltr'>animas</span> <span class='ocrx_word' id='word_1_54' title='bbox 1004 763 1104 799; x_wconf 77' lang='lat' dir='ltr'>‘sua</span> <span class='ocrx_word' id='word_1_55' title='bbox 1128 752 1352 801; x_wconf 91' lang='lat' dir='ltr'>membra</span> <span class='ocrx_word' id='word_1_56' title='bbox 1374 750 1617 815; x_wconf 88' lang='lat' dir='ltr'>gementis</span> <span class='ocrx_word' id='word_1_57' title='bbox 1668 761 1746 814; x_wconf 76' lang='lat'>285</span> 
     </span>
     <span class='ocr_line' id='line_1_10' title="bbox 77 831 1279 894; baseline 0.002 -16"><span class='ocrx_word' id='word_1_58' title='bbox 77 838 225 892; x_wconf 88' lang='lat' dir='ltr'>saepe</span> <span class='ocrx_word' id='word_1_59' title='bbox 259 832 414 893; x_wconf 91' lang='lat' dir='ltr'>gradu</span> <span class='ocrx_word' id='word_1_60' title='bbox 451 846 603 879; x_wconf 90' lang='lat' dir='ltr'>caeco</span> <span class='ocrx_word' id='word_1_61' title='bbox 638 831 820 879; x_wconf 90' lang='lat' dir='ltr'>ferrum</span> <span class='ocrx_word' id='word_1_62' title='bbox 857 833 1144 894; x_wconf 89' lang='lat' dir='ltr'>calcataque</span> <span class='ocrx_word' id='word_1_63' title='bbox 1179 834 1279 881; x_wconf 88' lang='lat' dir='ltr'>tela</span> 
     </span>
    </p>

    <p class='ocr_par' dir='ltr' id='par_1_7' title="bbox 77 909 1289 975">
     <span class='ocr_line' id='line_1_11' title="bbox 77 909 1289 975; baseline 0.003 -17"><span class='ocrx_word' id='word_1_64' title='bbox 77 909 368 971; x_wconf 88' lang='lat' dir='ltr'>dissimulat,</span> <span class='ocrx_word' id='word_1_65' title='bbox 407 913 643 974; x_wconf 92' lang='lat' dir='ltr'>solusque</span> <span class='ocrx_word' id='word_1_66' title='bbox 678 912 819 960; x_wconf 90' lang='lat' dir='ltr'>labor</span> <span class='ocrx_word' id='word_1_67' title='bbox 852 911 1031 962; x_wconf 91' lang='lat' dir='ltr'>vitasse</span> <span class='ocrx_word' id='word_1_68' title='bbox 1065 911 1289 975; x_wconf 88' lang='lat' dir='ltr'>iacentis,</span> 
     </span>
    </p>

    <p class='ocr_par' dir='ltr' id='par_1_8' title="bbox 78 993 1391 1059">
     <span class='ocr_line' id='line_1_12' title="bbox 78 993 1391 1059; baseline 0.003 -20"><span class='ocrx_word' id='word_1_69' title='bbox 78 993 199 1040; x_wconf 91' lang='lat' dir='ltr'>dum</span> <span class='ocrx_word' id='word_1_70' title='bbox 235 993 384 1041; x_wconf 89' lang='lat' dir='ltr'>funus</span> <span class='ocrx_word' id='word_1_71' title='bbox 420 1001 562 1056; x_wconf 90' lang='lat' dir='ltr'>putat</span> <span class='ocrx_word' id='word_1_72' title='bbox 598 1009 750 1042; x_wconf 90' lang='lat' dir='ltr'>omne</span> <span class='ocrx_word' id='word_1_73' title='bbox 785 1009 946 1053; x_wconf 89' lang='lat' dir='ltr'>suum,</span> <span class='ocrx_word' id='word_1_74' title='bbox 983 993 1192 1057; x_wconf 89' lang='lat' dir='ltr'>visuque</span> <span class='ocrx_word' id='word_1_75' title='bbox 1227 993 1391 1059; x_wconf 83' lang='lat' dir='ltr'>sagaci</span> 
     </span>
    </p>

    <p class='ocr_par' dir='ltr' id='par_1_9' title="bbox 77 1073 1262 1140">
     <span class='ocr_line' id='line_1_13' title="bbox 77 1073 1262 1140; baseline 0.003 -19"><span class='ocrx_word' id='word_1_76' title='bbox 77 1074 281 1122; x_wconf 88' lang='lat' dir='ltr'>rimatur</span> <span class='ocrx_word' id='word_1_77' title='bbox 315 1073 507 1137; x_wconf 92' lang='lat' dir='ltr'>positos</span> <span class='ocrx_word' id='word_1_78' title='bbox 543 1084 592 1123; x_wconf 92' lang='lat' dir='ltr'>et</span> <span class='ocrx_word' id='word_1_79' title='bbox 628 1091 836 1139; x_wconf 90' lang='lat' dir='ltr'>corpora</span> <span class='ocrx_word' id='word_1_80' title='bbox 871 1092 1027 1139; x_wconf 91' lang='lat' dir='ltr'>prona</span> <span class='ocrx_word' id='word_1_81' title='bbox 1064 1076 1262 1140; x_wconf 90' lang='lat' dir='ltr'>supinat</span> 
     </span>
    </p>
   </div>
   <div class='ocr_carea' id='block_1_5' title="bbox 77 1149 1836 1223">
    <p class='ocr_par' dir='ltr' id='par_1_10' title="bbox 77 1149 1836 1223">
     <span class='ocr_line' id='line_1_14' title="bbox 77 1149 1836 1223; baseline 0.003 -18"><span class='ocrx_word' id='word_1_82' title='bbox 77 1155 389 1215; x_wconf 90' lang='lat' dir='ltr'>incumbens,</span> <span class='ocrx_word' id='word_1_83' title='bbox 427 1155 748 1220; x_wconf 91' lang='lat' dir='ltr'>queriturque</span> <span class='ocrx_word' id='word_1_84' title='bbox 784 1173 958 1219; x_wconf 89' lang='lat' dir='ltr'>parum</span> <span class='ocrx_word' id='word_1_85' title='bbox 996 1157 1278 1207; x_wconf 90' lang='lat' dir='ltr'>lucentibus</span> <span class='ocrx_word' id='word_1_86' title='bbox 1311 1157 1466 1209; x_wconf 86' lang='lat' dir='ltr'>astris.</span> <span class='ocrx_word' id='word_1_87' title='bbox 1666 1149 1752 1223; x_wconf 18' lang='lat'>*²90</span> <span class='ocrx_word' id='word_1_88' title='bbox 1807 1172 1836 1219; x_wconf 53' lang='grc' dir='ltr'><strong>ἢ</strong></span> 
     </span>
    </p>
   </div>
   <div class='ocr_carea' id='block_1_6' title="bbox 78 1236 1382 1544">
    <p class='ocr_par' dir='ltr' id='par_1_11' title="bbox 78 1236 1382 1544">
     <span class='ocr_line' id='line_1_15' title="bbox 147 1236 1367 1302; baseline 0.004 -19"><span class='ocrx_word' id='word_1_89' title='bbox 147 1237 294 1284; x_wconf 90' lang='lat' dir='ltr'>Forte</span> <span class='ocrx_word' id='word_1_90' title='bbox 330 1236 624 1300; x_wconf 91' lang='lat' dir='ltr'>soporiferas</span> <span class='ocrx_word' id='word_1_91' title='bbox 660 1236 783 1287; x_wconf 92' lang='lat' dir='ltr'>caeli</span> <span class='ocrx_word' id='word_1_92' title='bbox 820 1247 1008 1287; x_wconf 89' lang='lat' dir='ltr'>secreta</span> <span class='ocrx_word' id='word_1_93' title='bbox 1044 1255 1133 1302; x_wconf 90' lang='lat' dir='ltr'>per</span> <span class='ocrx_word' id='word_1_94' title='bbox 1166 1239 1367 1288; x_wconf 88' lang='lat' dir='ltr'>umbras</span> 
     </span>
     <span class='ocr_line' id='line_1_16' title="bbox 80 1316 1183 1382; baseline 0.004 -17"><span class='ocrx_word' id='word_1_95' title='bbox 80 1319 224 1377; x_wconf 90' lang='lat' dir='ltr'>Iuno,</span> <span class='ocrx_word' id='word_1_96' title='bbox 263 1316 376 1367; x_wconf 90' lang='lat' dir='ltr'>sinu</span> <span class='ocrx_word' id='word_1_97' title='bbox 416 1317 583 1382; x_wconf 89' lang='lat' dir='ltr'>magni</span> <span class='ocrx_word' id='word_1_98' title='bbox 619 1328 777 1368; x_wconf 89' lang='lat' dir='ltr'>semet</span> <span class='ocrx_word' id='word_1_99' title='bbox 813 1320 971 1368; x_wconf 90' lang='lat' dir='ltr'>furata</span> <span class='ocrx_word' id='word_1_100' title='bbox 1006 1318 1183 1382; x_wconf 88' lang='lat' dir='ltr'>mariti,</span> 
     </span>
     <span class='ocr_line' id='line_1_17' title="bbox 78 1399 1382 1461; baseline 0.003 -15"><span class='ocrx_word' id='word_1_101' title='bbox 78 1399 303 1448; x_wconf 89' lang='lat' dir='ltr'>Theseos</span> <span class='ocrx_word' id='word_1_102' title='bbox 339 1400 405 1448; x_wconf 90' lang='lat' dir='ltr'>ad</span> <span class='ocrx_word' id='word_1_103' title='bbox 443 1416 626 1459; x_wconf 90' lang='lat' dir='ltr'>muros,</span> <span class='ocrx_word' id='word_1_104' title='bbox 664 1409 720 1448; x_wconf 92' lang='lat' dir='ltr'>ut</span> <span class='ocrx_word' id='word_1_105' title='bbox 757 1401 960 1449; x_wconf 87' lang='lat' dir='ltr'>Pallada</span> <span class='ocrx_word' id='word_1_106' title='bbox 996 1402 1228 1461; x_wconf 91' lang='lat' dir='ltr'>flecteret,</span> <span class='ocrx_word' id='word_1_107' title='bbox 1266 1399 1382 1461; x_wconf 89' lang='lat' dir='ltr'>ibat,</span> 
     </span>
     <span class='ocr_line' id='line_1_18' title="bbox 79 1479 1352 1544; baseline 0.003 -17"><span class='ocrx_word' id='word_1_108' title='bbox 79 1479 490 1544; x_wconf 89' lang='lat' dir='ltr'>supplicibusque</span> <span class='ocrx_word' id='word_1_109' title='bbox 526 1479 619 1544; x_wconf 92' lang='lat' dir='ltr'>piis</span> <span class='ocrx_word' id='word_1_110' title='bbox 655 1480 812 1530; x_wconf 91' lang='lat' dir='ltr'>facilis</span> <span class='ocrx_word' id='word_1_111' title='bbox 846 1480 1057 1544; x_wconf 90' lang='lat' dir='ltr'>aperiret</span> <span class='ocrx_word' id='word_1_112' title='bbox 1092 1483 1352 1543; x_wconf 86' lang='lat' dir='ltr'>Athenas;</span> 
     </span>
    </p>
   </div>
   <div class='ocr_carea' id='block_1_7' title="bbox 77 1556 1837 1628">
    <p class='ocr_par' dir='ltr' id='par_1_12' title="bbox 77 1556 1837 1628">
     <span class='ocr_line' id='line_1_19' title="bbox 77 1556 1837 1628; baseline 0.002 -18"><span class='ocrx_word' id='word_1_113' title='bbox 77 1571 228 1625; x_wconf 91' lang='lat' dir='ltr'>atque</span> <span class='ocrx_word' id='word_1_114' title='bbox 263 1561 350 1610; x_wconf 93' lang='lat' dir='ltr'>ubi</span> <span class='ocrx_word' id='word_1_115' title='bbox 386 1579 474 1626; x_wconf 89' lang='lat' dir='ltr'>per</span> <span class='ocrx_word' id='word_1_116' title='bbox 509 1579 714 1626; x_wconf 90' lang='lat' dir='ltr'>campos</span> <span class='ocrx_word' id='word_1_117' title='bbox 750 1579 912 1612; x_wconf 88' lang='lat' dir='ltr'>errore</span> <span class='ocrx_word' id='word_1_118' title='bbox 947 1563 1173 1613; x_wconf 87' lang='lat' dir='ltr'>fatiscere</span> <span class='ocrx_word' id='word_1_119' title='bbox 1209 1581 1340 1613; x_wconf 91' lang='lat' dir='ltr'>vano</span> <span class='ocrx_word' id='word_1_120' title='bbox 1675 1585 1753 1628; x_wconf 84' lang='lat'>295</span> <span class='ocrx_word' id='word_1_121' title='bbox 1835 1556 1837 1559; x_wconf 34' lang='lat'><strong><em>¹</em></strong></span> 
     </span>
    </p>
   </div>
   <div class='ocr_carea' id='block_1_8' title="bbox 77 1642 1529 1953">
    <p class='ocr_par' dir='ltr' id='par_1_13' title="bbox 78 1642 1290 1790">
     <span class='ocr_line' id='line_1_20' title="bbox 78 1642 1290 1708; baseline 0.003 -18"><span class='ocrx_word' id='word_1_122' title='bbox 78 1642 374 1691; x_wconf 89' lang='lat' dir='ltr'>immeritam</span> <span class='ocrx_word' id='word_1_123' title='bbox 415 1643 599 1707; x_wconf 89' lang='lat' dir='ltr'>Argian</span> <span class='ocrx_word' id='word_1_124' title='bbox 636 1660 816 1708; x_wconf 91' lang='lat' dir='ltr'>supero</span> <span class='ocrx_word' id='word_1_125' title='bbox 852 1644 1064 1708; x_wconf 91' lang='lat' dir='ltr'>respexit</span> <span class='ocrx_word' id='word_1_126' title='bbox 1098 1646 1163 1694; x_wconf 91' lang='lat' dir='ltr'>ab</span> <span class='ocrx_word' id='word_1_127' title='bbox 1198 1662 1290 1694; x_wconf 89' lang='lat' dir='ltr'>axe</span> 
     </span>
     <span class='ocr_line' id='line_1_21' title="bbox 78 1724 1207 1790; baseline 0.003 -18"><span class='ocrx_word' id='word_1_128' title='bbox 78 1724 292 1773; x_wconf 91' lang='lat' dir='ltr'>indoluit</span> <span class='ocrx_word' id='word_1_129' title='bbox 326 1724 435 1773; x_wconf 92' lang='lat' dir='ltr'>visu</span> <span class='ocrx_word' id='word_1_130' title='bbox 453 1743 468 1786; x_wconf 68' lang='grc' dir='ltr'><strong><em>ς</em></strong></span> <span class='ocrx_word' id='word_1_131' title='bbox 522 1734 571 1774; x_wconf 92' lang='lat' dir='ltr'>et</span> <span class='ocrx_word' id='word_1_132' title='bbox 607 1725 862 1774; x_wconf 91' lang='lat' dir='ltr'>lunaribus</span> <span class='ocrx_word' id='word_1_133' title='bbox 898 1725 1047 1775; x_wconf 90' lang='lat' dir='ltr'>obvia</span> <span class='ocrx_word' id='word_1_134' title='bbox 1081 1725 1207 1790; x_wconf 87' lang='lat' dir='ltr'>bigis</span> 
     </span>
    </p>

    <p class='ocr_par' dir='ltr' id='par_1_14' title="bbox 77 1805 1462 1870">
     <span class='ocr_line' id='line_1_22' title="bbox 77 1805 1462 1870; baseline 0.003 -17"><span class='ocrx_word' id='word_1_135' title='bbox 77 1805 289 1854; x_wconf 88' lang='lat' dir='ltr'>advertit</span> <span class='ocrx_word' id='word_1_136' title='bbox 325 1808 518 1855; x_wconf 88' lang='lat' dir='ltr'>vultum</span> <span class='ocrx_word' id='word_1_137' title='bbox 554 1805 853 1870; x_wconf 88' lang='lat' dir='ltr'>placidaque</span> <span class='ocrx_word' id='word_1_138' title='bbox 889 1806 957 1856; x_wconf 92' lang='lat' dir='ltr'>ita</span> <span class='ocrx_word' id='word_1_139' title='bbox 992 1823 1115 1856; x_wconf 92' lang='lat' dir='ltr'>voce</span> <span class='ocrx_word' id='word_1_140' title='bbox 1151 1809 1318 1856; x_wconf 88' lang='lat' dir='ltr'>locuta</span> <span class='ocrx_word' id='word_1_141' title='bbox 1353 1816 1462 1858; x_wconf 87' lang='lat' dir='ltr'>est:</span> 
     </span>
    </p>

    <p class='ocr_par' dir='ltr' id='par_1_15' title="bbox 83 1887 1529 1953">
     <span class='ocr_line' id='line_1_23' title="bbox 83 1887 1529 1953; baseline 0.002 -18"><span class='ocrx_word' id='word_1_142' title='bbox 83 1892 93 1912; x_wconf 90' lang='lat'>‘</span> <span class='ocrx_word' id='word_1_143' title='bbox 114 1889 192 1935; x_wconf 89' lang='lat' dir='ltr'>Da</span> <span class='ocrx_word' id='word_1_144' title='bbox 228 1887 350 1935; x_wconf 89' lang='lat' dir='ltr'>mihi</span> <span class='ocrx_word' id='word_1_145' title='bbox 386 1887 614 1950; x_wconf 91' lang='lat' dir='ltr'>poscenti</span> <span class='ocrx_word' id='word_1_146' title='bbox 650 1905 834 1937; x_wconf 91' lang='lat' dir='ltr'>munus</span> <span class='ocrx_word' id='word_1_147' title='bbox 869 1888 1032 1949; x_wconf 90' lang='lat' dir='ltr'>breve,</span> <span class='ocrx_word' id='word_1_148' title='bbox 1072 1887 1302 1952; x_wconf 89' lang='lat' dir='ltr'>Cynthia,</span> <span class='ocrx_word' id='word_1_149' title='bbox 1341 1889 1383 1938; x_wconf 89' lang='lat' dir='ltr'>si</span> <span class='ocrx_word' id='word_1_150' title='bbox 1418 1888 1529 1953; x_wconf 89' lang='lat' dir='ltr'>quis</span> 
     </span>
    </p>
   </div>
   <div class='ocr_carea' id='block_1_9' title="bbox 79 1962 1847 2034">
    <p class='ocr_par' dir='ltr' id='par_1_16' title="bbox 79 1962 1847 2034">
     <span class='ocr_line' id='line_1_24' title="bbox 79 1962 1847 2034; baseline 0.001 -15"><span class='ocrx_word' id='word_1_151' title='bbox 79 1978 152 2019; x_wconf 88' lang='lat' dir='ltr'>est</span> <span class='ocrx_word' id='word_1_152' title='bbox 191 1968 401 2018; x_wconf 90' lang='lat' dir='ltr'>Iunonis</span> <span class='ocrx_word' id='word_1_153' title='bbox 438 1970 600 2018; x_wconf 93' lang='lat' dir='ltr'>honos</span> <span class='ocrx_word' id='word_1_154' title='bbox 619 1987 634 2030; x_wconf 89' lang='lat'>,·</span> <span class='ocrx_word' id='word_1_155' title='bbox 682 1978 815 2019; x_wconf 89' lang='lat' dir='ltr'>certe</span> <span class='ocrx_word' id='word_1_156' title='bbox 853 1968 987 2019; x_wconf 90' lang='lat' dir='ltr'>Iovis</span> <span class='ocrx_word' id='word_1_157' title='bbox 1022 1969 1251 2034; x_wconf 91' lang='lat' dir='ltr'>improba</span> <span class='ocrx_word' id='word_1_158' title='bbox 1285 1969 1422 2019; x_wconf 90' lang='lat' dir='ltr'>iussu</span> <span class='ocrx_word' id='word_1_159' title='bbox 1505 1975 1507 1977; x_wconf 80' lang='grc'><strong>’</strong></span> <span class='ocrx_word' id='word_1_160' title='bbox 1676 1990 1754 2031; x_wconf 81' lang='lat'>300</span> <span class='ocrx_word' id='word_1_161' title='bbox 1823 1962 1847 1995; x_wconf 60' lang='lat'>3⁴</span> 
     </span>
    </p>
   </div>
   <div class='ocr_carea' id='block_1_10' title="bbox 78 2050 1638 2356">
    <p class='ocr_par' dir='ltr' id='par_1_17' title="bbox 78 2050 1638 2193">
     <span class='ocr_line' id='line_1_25' title="bbox 78 2050 1638 2116; baseline 0.002 -17"><span class='ocrx_word' id='word_1_162' title='bbox 78 2060 151 2099; x_wconf 89' lang='lat' dir='ltr'>ter</span> <span class='ocrx_word' id='word_1_163' title='bbox 185 2059 386 2099; x_wconf 89' lang='lat' dir='ltr'>noctem</span> <span class='ocrx_word' id='word_1_164' title='bbox 426 2052 812 2111; x_wconf 76' lang='lat' dir='ltr'>Herculeam—,</span> <span class='ocrx_word' id='word_1_165' title='bbox 852 2059 1041 2100; x_wconf 90' lang='lat' dir='ltr'>veteres</span> <span class='ocrx_word' id='word_1_166' title='bbox 1078 2053 1166 2100; x_wconf 92' lang='lat' dir='ltr'>sed</span> <span class='ocrx_word' id='word_1_167' title='bbox 1203 2050 1347 2100; x_wconf 90' lang='lat' dir='ltr'>mitto</span> <span class='ocrx_word' id='word_1_168' title='bbox 1384 2054 1638 2116; x_wconf 90' lang='lat' dir='ltr'>querelas:</span> 
     </span>
     <span class='ocr_line' id='line_1_26' title="bbox 79 2127 1327 2193; baseline 0.001 -16"><span class='ocrx_word' id='word_1_169' title='bbox 79 2146 141 2177; x_wconf 92' lang='lat' dir='ltr'>en</span> <span class='ocrx_word' id='word_1_170' title='bbox 178 2130 319 2178; x_wconf 91' lang='lat' dir='ltr'>locus</span> <span class='ocrx_word' id='word_1_171' title='bbox 355 2127 533 2177; x_wconf 89' lang='lat' dir='ltr'>offici0.</span> <span class='ocrx_word' id='word_1_172' title='bbox 607 2127 781 2178; x_wconf 89' lang='lat' dir='ltr'>cultrix</span> <span class='ocrx_word' id='word_1_173' title='bbox 818 2128 1138 2193; x_wconf 89' lang='lat' dir='ltr'>placitissima</span> <span class='ocrx_word' id='word_1_174' title='bbox 1173 2128 1327 2179; x_wconf 89' lang='lat' dir='ltr'>nostri</span> 
     </span>
    </p>

    <p class='ocr_par' dir='ltr' id='par_1_18' title="bbox 81 2209 1220 2274">
     <span class='ocr_line' id='line_1_27' title="bbox 81 2209 1220 2274; baseline 0 -15"><span class='ocrx_word' id='word_1_175' title='bbox 81 2209 281 2259; x_wconf 88' lang='lat' dir='ltr'>Inachis</span> <span class='ocrx_word' id='word_1_176' title='bbox 317 2209 467 2272; x_wconf 92' lang='lat' dir='ltr'>Argia</span> <span class='ocrx_word' id='word_1_177' title='bbox 503 2209 663 2259; x_wconf 91' lang='lat' dir='ltr'>cernis</span> <span class='ocrx_word' id='word_1_178' title='bbox 699 2227 798 2273; x_wconf 91' lang='lat' dir='ltr'>qua</span> <span class='ocrx_word' id='word_1_179' title='bbox 834 2219 982 2260; x_wconf 92' lang='lat' dir='ltr'>nocte</span> <span class='ocrx_word' id='word_1_180' title='bbox 1017 2219 1220 2274; x_wconf 90' lang='lat' dir='ltr'>vagetur</span> 
     </span>
    </p>

    <p class='ocr_par' dir='ltr' id='par_1_19' title="bbox 79 2290 1479 2356">
     <span class='ocr_line' id='line_1_28' title="bbox 79 2290 1479 2356; baseline 0.001 -16"><span class='ocrx_word' id='word_1_181' title='bbox 79 2308 172 2340; x_wconf 93' lang='lat' dir='ltr'>nec</span> <span class='ocrx_word' id='word_1_182' title='bbox 211 2290 424 2355; x_wconf 91' lang='lat' dir='ltr'>reperire</span> <span class='ocrx_word' id='word_1_183' title='bbox 459 2290 618 2339; x_wconf 92' lang='lat' dir='ltr'>virum</span> <span class='ocrx_word' id='word_1_184' title='bbox 655 2290 823 2340; x_wconf 90' lang='lat' dir='ltr'>densis</span> <span class='ocrx_word' id='word_1_185' title='bbox 860 2300 1010 2355; x_wconf 90' lang='lat' dir='ltr'>queat</span> <span class='ocrx_word' id='word_1_186' title='bbox 1045 2308 1190 2356; x_wconf 92' lang='lat' dir='ltr'>aegra</span> <span class='ocrx_word' id='word_1_187' title='bbox 1225 2291 1479 2342; x_wconf 89' lang='lat' dir='ltr'>tenebris?</span> 
     </span>
    </p>
   </div>
   <div class='ocr_carea' id='block_1_11' title="bbox 81 2370 1875 2438">
    <p class='ocr_par' dir='ltr' id='par_1_20' title="bbox 81 2370 1875 2439">
     <span class='ocr_line' id='line_1_29' title="bbox 81 2370 1875 2438; baseline 0.001 -16"><span class='ocrx_word' id='word_1_188' title='bbox 81 2383 130 2422; x_wconf 90' lang='lat' dir='ltr'>et</span> <span class='ocrx_word' id='word_1_189' title='bbox 165 2370 257 2421; x_wconf 92' lang='lat' dir='ltr'>tibi</span> <span class='ocrx_word' id='word_1_190' title='bbox 294 2370 584 2420; x_wconf 90' lang='lat' dir='ltr'>nimbosum</span> <span class='ocrx_word' id='word_1_191' title='bbox 621 2374 827 2435; x_wconf 70' lang='lat' dir='ltr'>languet,</span> <span class='ocrx_word' id='word_1_192' title='bbox 858 2371 1030 2422; x_wconf 86' lang='lat' dir='ltr'>iubar:</span> <span class='ocrx_word' id='word_1_193' title='bbox 1078 2389 1247 2422; x_wconf 87' lang='lat' dir='ltr'>exsere</span> <span class='ocrx_word' id='word_1_194' title='bbox 1283 2390 1470 2436; x_wconf 90' lang='lat' dir='ltr'>quaeso</span> <span class='ocrx_word' id='word_1_195' title='bbox 1676 2393 1755 2438; x_wconf 81' lang='lat'>305</span> <span class='ocrx_word' id='word_1_196' title='bbox 1870 2401 1875 2404; x_wconf 97' lang='lat'>·</span> 
     </span>
    </p>
   </div>
   <div class='ocr_carea' id='block_1_12' title="bbox 80 2453 1450 2518">
    <p class='ocr_par' dir='ltr' id='par_1_21' title="bbox 80 2453 1450 2518">
     <span class='ocr_line' id='line_1_30' title="bbox 80 2453 1450 2518; baseline 0.002 -16"><span class='ocrx_word' id='word_1_197' title='bbox 80 2469 267 2502; x_wconf 92' lang='lat' dir='ltr'>cornua</span> <span class='ocrx_word' id='word_1_198' title='bbox 303 2462 352 2503; x_wconf 90' lang='lat' dir='ltr'>et</span> <span class='ocrx_word' id='word_1_199' title='bbox 387 2462 588 2503; x_wconf 90' lang='lat' dir='ltr'>assueto</span> <span class='ocrx_word' id='word_1_200' title='bbox 623 2453 826 2518; x_wconf 91' lang='lat' dir='ltr'>propior</span> <span class='ocrx_word' id='word_1_201' title='bbox 860 2463 1052 2517; x_wconf 86' lang='lat' dir='ltr'>premat</span> <span class='ocrx_word' id='word_1_202' title='bbox 1088 2453 1249 2503; x_wconf 91' lang='lat' dir='ltr'>orbita</span> <span class='ocrx_word' id='word_1_203' title='bbox 1283 2463 1450 2505; x_wconf 89' lang='lat' dir='ltr'>terras.</span> 
     </span>
    </p>
   </div>
   <div class='ocr_carea' id='block_1_13' title="bbox 135 2581 1823 2636">
    <p class='ocr_par' dir='ltr' id='par_1_22' title="bbox 135 2567 1832 2636">
     <span class='ocr_line' id='line_1_31' title="bbox 135 2581 1823 2636; baseline 0.003 -16"><span class='ocrx_word' id='word_1_204' title='bbox 135 2594 215 2632; x_wconf 85' lang='lat'>279</span> <span class='ocrx_word' id='word_1_205' title='bbox 243 2582 368 2621; x_wconf 89' lang='lat' dir='ltr'>altior</span> <span class='ocrx_word' id='word_1_206' title='bbox 390 2583 492 2629; x_wconf 89' lang='lat' dir='ltr'>(om.</span> <span class='ocrx_word' id='word_1_207' title='bbox 515 2584 577 2627; x_wconf 73' lang='lat' dir='ltr'>et)</span> <span class='ocrx_word' id='word_1_208' title='bbox 598 2581 640 2620; x_wconf 90' lang='lat' dir='ltr'><em>P</em></span> <span class='ocrx_word' id='word_1_209' title='bbox 747 2583 823 2620; x_wconf 85' lang='lat'>281</span> <span class='ocrx_word' id='word_1_210' title='bbox 855 2582 1155 2632; x_wconf 85' lang='lat' dir='ltr'>angustissima</span> <span class='ocrx_word' id='word_1_211' title='bbox 1174 2581 1218 2621; x_wconf 96' lang='lat' dir='ltr'><em>D</em></span> <span class='ocrx_word' id='word_1_212' title='bbox 1346 2584 1427 2623; x_wconf 87' lang='lat'>286</span> <span class='ocrx_word' id='word_1_213' title='bbox 1454 2590 1697 2635; x_wconf 85' lang='lat' dir='ltr'>mutataque</span> <span class='ocrx_word' id='word_1_214' title='bbox 1719 2585 1758 2636; x_wconf 81' lang='lat' dir='ltr'><em>Q</em></span> <span class='ocrx_word' id='word_1_215' title='bbox 1816 2600 1823 2609; x_wconf 68' lang='lat'><em>³</em></span> 
     </span>
    </p>
   </div>
   <div class='ocr_carea' id='block_1_14' title="bbox 80 2636 1879 2853">
    <p class='ocr_par' dir='ltr' id='par_1_23' title="bbox 80 2636 1879 2853">
     <span class='ocr_line' id='line_1_32' title="bbox 81 2636 1757 2691; baseline 0.003 -16"><span class='ocrx_word' id='word_1_216' title='bbox 81 2638 159 2686; x_wconf 85' lang='lat'>287</span> <span class='ocrx_word' id='word_1_217' title='bbox 190 2637 347 2677; x_wconf 88' lang='lat' dir='ltr'>vitasse</span> <span class='ocrx_word' id='word_1_218' title='bbox 366 2636 455 2675; x_wconf 89' lang='grc' dir='ltr'>ΡΝ</span> <span class='ocrx_word' id='word_1_219' title='bbox 459 2637 474 2659; x_wconf 80' lang='lat'><em>2</em></span> <span class='ocrx_word' id='word_1_220' title='bbox 492 2651 501 2676; x_wconf 74' lang='grc' dir='ltr'>ε</span> <span class='ocrx_word' id='word_1_221' title='bbox 520 2637 657 2676; x_wconf 88' lang='lat' dir='ltr'>vitare</span> <span class='ocrx_word' id='word_1_222' title='bbox 677 2636 747 2675; x_wconf 73' lang='grc' dir='ltr'>ωδ</span> <span class='ocrx_word' id='word_1_223' title='bbox 856 2650 935 2688; x_wconf 87' lang='lat'>291</span> <span class='ocrx_word' id='word_1_224' title='bbox 966 2650 1117 2677; x_wconf 89' lang='lat' dir='ltr'>secura</span> <span class='ocrx_word' id='word_1_225' title='bbox 1140 2642 1207 2687; x_wconf 81' lang='lat' dir='ltr'>(ex</span> <span class='ocrx_word' id='word_1_226' title='bbox 1223 2643 1369 2677; x_wconf 89' lang='lat' dir='ltr'>secuta</span> <span class='ocrx_word' id='word_1_227' title='bbox 1383 2640 1503 2691; x_wconf 88' lang='lat' dir='ltr'>corr.)</span> <span class='ocrx_word' id='word_1_228' title='bbox 1527 2639 1566 2689; x_wconf 82' lang='lat' dir='ltr'><em>Q</em></span> <span class='ocrx_word' id='word_1_229' title='bbox 1676 2651 1757 2691; x_wconf 87' lang='lat'>292</span> 
     </span>
     <span class='ocr_line' id='line_1_33' title="bbox 82 2691 1826 2743; baseline 0.003 -14"><span class='ocrx_word' id='word_1_230' title='bbox 82 2691 222 2740; x_wconf 90' lang='lat' dir='ltr'>mangi</span> <span class='ocrx_word' id='word_1_231' title='bbox 242 2691 284 2729; x_wconf 91' lang='lat' dir='ltr'><em>P</em></span> <span class='ocrx_word' id='word_1_232' title='bbox 408 2694 489 2741; x_wconf 88' lang='lat'>296</span> <span class='ocrx_word' id='word_1_233' title='bbox 518 2692 678 2740; x_wconf 85' lang='lat' dir='ltr'>argiam</span> <span class='ocrx_word' id='word_1_234' title='bbox 698 2691 780 2730; x_wconf 92' lang='lat' dir='ltr'>PB</span> <span class='ocrx_word' id='word_1_235' title='bbox 910 2693 992 2742; x_wconf 87' lang='grc'>298</span> <span class='ocrx_word' id='word_1_236' title='bbox 1020 2692 1179 2732; x_wconf 91' lang='lat' dir='ltr'>vultum</span> <span class='ocrx_word' id='word_1_237' title='bbox 1199 2691 1263 2731; x_wconf 87' lang='lat' dir='ltr'>P:</span> <span class='ocrx_word' id='word_1_238' title='bbox 1294 2705 1459 2731; x_wconf 87' lang='lat' dir='ltr'>currum</span> <span class='ocrx_word' id='word_1_239' title='bbox 1479 2692 1549 2732; x_wconf 71' lang='grc' dir='ltr'>ωδ</span> <span class='ocrx_word' id='word_1_240' title='bbox 1674 2705 1758 2743; x_wconf 89' lang='grc'>300</span> <span class='ocrx_word' id='word_1_241' title='bbox 1823 2709 1826 2714; x_wconf 90' lang='grc'><strong><em>·</em></strong></span> 
     </span>
     <span class='ocr_line' id='line_1_34' title="bbox 84 2745 1876 2803; baseline 0.002 -19"><span class='ocrx_word' id='word_1_242' title='bbox 84 2745 160 2784; x_wconf 86' lang='lat' dir='ltr'>Est</span> <span class='ocrx_word' id='word_1_243' title='bbox 182 2745 347 2785; x_wconf 88' lang='lat' dir='ltr'>iuvenis</span> <span class='ocrx_word' id='word_1_244' title='bbox 369 2753 486 2786; x_wconf 86' lang='lat' dir='ltr'>certe</span> <span class='ocrx_word' id='word_1_245' title='bbox 506 2746 548 2784; x_wconf 94' lang='lat' dir='ltr'><em>P</em></span> <span class='ocrx_word' id='word_1_246' title='bbox 657 2746 797 2797; x_wconf 72' lang='lat' dir='ltr'>iussu]</span> <span class='ocrx_word' id='word_1_247' title='bbox 821 2746 885 2785; x_wconf 91' lang='lat' dir='ltr'>ius</span> <span class='ocrx_word' id='word_1_248' title='bbox 906 2747 988 2785; x_wconf 88' lang='lat' dir='ltr'>heu</span> <span class='ocrx_word' id='word_1_249' title='bbox 1009 2746 1054 2785; x_wconf 92' lang='lat' dir='ltr'><em>D</em></span> <span class='ocrx_word' id='word_1_250' title='bbox 1200 2759 1283 2796; x_wconf 85' lang='lat'>302</span> <span class='ocrx_word' id='word_1_251' title='bbox 1313 2747 1458 2786; x_wconf 88' lang='lat' dir='ltr'>cultris</span> <span class='ocrx_word' id='word_1_252' title='bbox 1476 2746 1519 2784; x_wconf 90' lang='lat' dir='ltr'><em>P</em></span> <span class='ocrx_word' id='word_1_253' title='bbox 1625 2748 1757 2800; x_wconf 84' lang='lat' dir='ltr'>placi·</span> <span class='ocrx_word' id='word_1_254' title='bbox 1874 2798 1876 2803; x_wconf 33' lang='grc' dir='ltr'>Ι</span> 
     </span>
     <span class='ocr_line' id='line_1_35' title="bbox 80 2799 1879 2853; baseline 0.002 -14"><span class='ocrx_word' id='word_1_255' title='bbox 80 2799 243 2839; x_wconf 88' lang='lat' dir='ltr'>tissima</span> <span class='ocrx_word' id='word_1_256' title='bbox 265 2800 501 2839; x_wconf 85' lang='lat' dir='ltr'>Gronovius</span> <span class='ocrx_word' id='word_1_257' title='bbox 522 2815 531 2839; x_wconf 92' lang='lat'>:</span> <span class='ocrx_word' id='word_1_258' title='bbox 560 2800 850 2851; x_wconf 89' lang='lat' dir='ltr'>placidissima</span> <span class='ocrx_word' id='word_1_259' title='bbox 870 2801 984 2841; x_wconf 89' lang='lat' dir='ltr'>codd.</span> <span class='ocrx_word' id='word_1_260' title='bbox 1164 2813 1245 2852; x_wconf 89' lang='grc'>303</span> <span class='ocrx_word' id='word_1_261' title='bbox 1276 2800 1462 2841; x_wconf 88' lang='lat' dir='ltr'>Inachiis</span> <span class='ocrx_word' id='word_1_262' title='bbox 1479 2800 1522 2840; x_wconf 89' lang='lat' dir='ltr'><em>P</em></span> <span class='ocrx_word' id='word_1_263' title='bbox 1676 2813 1756 2853; x_wconf 88' lang='lat'>305</span> <span class='ocrx_word' id='word_1_264' title='bbox 1807 2804 1810 2805; x_wconf 48' lang='lat'><em>⁷</em></span> <span class='ocrx_word' id='word_1_265' title='bbox 1834 2839 1836 2842; x_wconf 88' lang='lat'>.</span> <span class='ocrx_word' id='word_1_266' title='bbox 1875 2827 1879 2829; x_wconf 98' lang='lat'>-</span> 
     </span>
    </p>
   </div>
   <div class='ocr_carea' id='block_1_15' title="bbox 83 2853 834 2906">
    <p class='ocr_par' dir='ltr' id='par_1_24' title="bbox 83 2853 834 2906">
     <span class='ocr_line' id='line_1_36' title="bbox 83 2853 834 2906; baseline 0.003 -14"><span class='ocrx_word' id='word_1_267' title='bbox 83 2853 232 2892; x_wconf 82' lang='lat' dir='ltr'>malim</span> <span class='ocrx_word' id='word_1_268' title='bbox 253 2860 297 2893; x_wconf 87' lang='lat' dir='ltr'>at</span> <span class='ocrx_word' id='word_1_269' title='bbox 464 2858 546 2905; x_wconf 85' lang='lat'>306</span> <span class='ocrx_word' id='word_1_270' title='bbox 575 2855 774 2906; x_wconf 84' lang='lat' dir='ltr'>proprior</span> <span class='ocrx_word' id='word_1_271' title='bbox 792 2855 834 2894; x_wconf 90' lang='lat' dir='ltr'><em>P</em></span> 
     </span>
    </p>
   </div>
   <div class='ocr_carea' id='block_1_16' title="bbox 1804 0 1884 3204">
    <p class='ocr_par' dir='ltr' id='par_1_25' title="bbox 1804 0 1884 3204">
     <span class='ocr_line' id='line_1_37' title="bbox 1804 0 1884 3204; baseline 0 0"><span class='ocrx_word' id='word_1_272' title='bbox 1804 0 1884 3204; x_wconf 95' lang='lat' dir='ltr'> </span> 
     </span>
    </p>
   </div>
  </div>
 </body>
</html>
