1884 3204
1018 65 1429 114 THEBAIDOS
1466 65 1680 112 LIBER
1717 64 1764 110 X

118 225 180 258 ne
212 213 411 271 pereant
447 218 604 262 voces,
644 200 920 264 iterumque
955 200 1233 264 iterumque
1270 201 1518 250 monebat.

90 289 196 338 >ille
230 288 351 336 deae
387 283 528 332 iussis
563 284 713 341 vultu,
753 298 854 345 quo
890 289 1043 340 nutat,
1082 282 1260 330 eodem

114 365 285 418 adnuit
300 384 314 427 3
361 362 552 414 excedit
586 361 774 426 gravior
809 361 1114 425 nigrantibus
1149 361 1302 410 antris
1686 380 1760 419 135

117 447 207 499 Iris
241 456 290 496 et
324 446 591 495 obtunsum
628 445 785 492 multo
820 441 960 491 iubar
995 441 1173 490 excitat
1208 441 1366 490 imbri.

182 529 295 592 Ipse
330 540 529 589 quoque
564 533 612 573 et
646 525 895 571 volucrem
932 538 1152 586 gressum
1190 531 1238 570 et
1274 531 1479 570 ventosa
1515 521 1681 569 citavit

83 639 86 641 -
114 618 346 672 tempora,
384 615 433 654 et
467 603 664 654 obscuri
700 603 943 652 sinuatam
979 602 1154 666 frigore
1190 602 1312 651 caeli
1348 590 1352 592 ‚

110 686 327 752 implevit
361 686 686 748 chlamydem,
724 683 974 747 tacitoque
1010 700 1096 747 per
1131 684 1330 732 aethera
1366 699 1510 732 cursu

111 770 258 819 fertur
291 776 339 816 et
374 765 547 815 Aoniis
582 767 728 828 longe
762 764 919 829 gravis
955 763 1180 814 imminet
1214 763 1353 812 arvis.
1689 782 1766 821 140

23 823 29 900 l
99 847 235 898 ⁴illius
269 863 385 896 aura
419 848 526 895 solo
561 845 770 894 volucris
805 847 1123 909 pecudesque
1158 846 1383 908 ferasque

109 928 327 993 explicat,
367 936 415 977 et
449 926 660 991 penitus,
698 943 1012 990 quacumque
1047 927 1326 990 supervolat
1361 925 1546 984 orbem,

79 1009 337 1073 ·languida
371 1010 435 1058 de
470 1007 684 1072 scopulis
720 1007 888 1057 sidunt
923 1009 1057 1067 freta,
1096 1006 1278 1071 pigrius
1314 1008 1517 1056 haerent

21 1085 24 1188 Ξ
77 1088 80 1090 Α
109 1089 289 1150 nubila,
327 1088 593 1138 demittunt
629 1097 844 1137 extrema
878 1088 1138 1137 cacumina
1173 1087 1336 1148 silvae,

19 1189 24 1302 J
108 1173 343 1236 pluraque
377 1171 538 1218 laxato
573 1169 860 1219 ceciderunt
895 1167 1055 1218 sidera
1091 1171 1243 1217 eaelo.
1688 1187 1762 1226 145

26 814 27 818 Α
26 789 29 805 -
26 615 31 764 2-<**--
26 532 33 602 *ἡ
31 375 35 503 ,Διψὴ--ῇ-
33 275 37 352 ᾑᾼᾳῇφ-
33 204 37 265 -ψμᾼ
35 173 38 192 «..
36 142 38 163 Α..
36 90 39 109 μ.
17 30 20 35 ⁷
15 0 19 9 ⁴

106 1251 289 1317 primus
323 1252 497 1300 adesse
532 1252 683 1300 deum
719 1249 881 1299 subita
916 1249 1125 1313 caligine
1162 1249 1315 1298 sensit

106 1347 322 1397 campus,
359 1340 408 1381 et
442 1330 729 1380 innumerae
763 1347 910 1380 voces
946 1330 1267 1394 fremitusque
1302 1329 1516 1378 virorum

107 1411 375 1462 submisere
411 1428 589 1460 sonum
606 1430 620 1472 3
667 1428 781 1459 cum
817 1427 933 1460 vero
969 1410 1254 1460 umentibus
1289 1409 1378 1459 alis

107 1492 329 1542 incubuit
364 1491 603 1556 piceaque
639 1492 774 1540 haud
811 1507 1049 1554 umquam
1086 1490 1286 1540 densior
1320 1491 1496 1539 umbra

105 1581 260 1622 castra
294 1572 438 1632 subit,
476 1588 633 1621 errare
667 1571 798 1621 oculi
833 1573 1147 1635 resolutaque
1183 1573 1324 1631 colla,
1686 1589 1766 1630 150

0 1703 6 1724 k,
105 1663 154 1703 et
187 1653 353 1702 medio
387 1655 556 1703 adfatu
592 1653 741 1702 verba
776 1652 1064 1717 imperfecta
1099 1652 1322 1716 relinqui.

0 1719 19 1799 ιξ
106 1750 220 1783 mox
253 1744 302 1783 et
336 1733 564 1798 fulgentis
600 1733 786 1797 clipeos
822 1742 871 1783 et
907 1750 1051 1783 saeva
1086 1733 1342 1782 remittunt

0 1809 15 1825 “
104 1814 203 1879 pila
236 1831 400 1874 manu,
438 1804 651 1878 lassique
687 1815 872 1863 cadunt
907 1813 959 1862 in
994 1823 1195 1878 pectora
1230 1816 1406 1864 vultus.

0 1895 17 1960 ᾗ
104 1906 153 1946 et
187 1895 284 1944 iam
320 1904 498 1944 cuncta
533 1895 706 1944 silent:
754 1894 847 1958 ipsi
881 1895 979 1943 iam
1016 1904 1142 1943 stare
1177 1904 1405 1944 recusant

105 1976 408 2041 cornipedeS,
447 1975 580 2039 ipsos
616 1975 807 2024 subitus
843 1975 965 2024 cinis
1001 1975 1204 2024 abstulit
1238 1975 1376 2039 ignis.
1688 1995 1762 2038 155

170 2059 238 2106 At
273 2073 374 2105 non
410 2065 459 2105 et
494 2055 696 2119 trepidis
732 2057 908 2104 eadem
945 2071 1093 2118 sopor
1128 2055 1228 2114 otia
1264 2056 1405 2106 Grais

0 2135 11 2189 ³1
106 2138 292 2196 suadet,
332 2146 380 2186 et
414 2135 660 2185 adiunctis
695 2145 828 2185 arcet
863 2153 951 2185 sua
985 2136 1156 2185 nubila
1192 2137 1359 2186 castris

0 2236 13 2291 z,
103 2217 348 2281 noctivagi
383 2217 455 2266 vis
491 2218 674 2266 blanda
708 2217 819 2266 dei:
867 2226 997 2266 stant
1032 2217 1254 2280 undique
1289 2217 1340 2266 in
1375 2218 1521 2266 armis

104 2301 302 2348 foedam
337 2298 650 2362 indignantes
685 2307 884 2347 noctem
920 2297 1189 2362 vigilesque
1225 2300 1477 2363 superbos.

104 2397 220 2430 ecce
256 2396 430 2443 repens
466 2378 653 2443 superis
688 2378 909 2427 animum
944 2379 1314 2443 lymphantibus
1350 2381 1522 2429 horror
1685 2390 1763 2429 160

162 2516 236 2552 133
266 2503 416 2541 iterum
437 2502 673 2551 iterumque
691 2502 739 2540 N
847 2515 921 2552 134
950 2502 1066 2541 vultu
1086 2516 1169 2553 quo
1190 2509 1308 2542 nutat
1324 2504 1474 2542 eodem
1494 2503 1537 2541 P
1553 2518 1562 2543 :
1592 2504 1763 2554 dubium

1 2562 10 2592 t
103 2557 364 2606 mixtumque
394 2557 536 2606 sopori
562 2556 640 2607 ωδ,
673 2556 762 2595 vide
791 2555 928 2606 Praes.
946 2563 990 2607 p.
1011 2557 1067 2596 vi.
1137 2556 1393 2608 Suspicabar
1416 2558 1515 2596 olim
1542 2559 1762 2609 legendum

103 2611 174 2650 ille
194 2612 300 2650 deae
319 2611 445 2650 iussis
465 2611 632 2649 dubium
662 2611 920 2660 mixtumque
949 2610 1088 2661 sopori
1118 2611 1358 2663 [assensum
1386 2612 1616 2664 praebens]
1643 2615 1760 2653 vultu

105 2678 187 2716 quo
215 2671 332 2704 nutat
360 2666 511 2703 eodem
531 2664 678 2703 adnuit
790 2667 868 2713 136
895 2665 1088 2704 obfusum
1109 2666 1150 2703 A
1254 2666 1341 2715 igni
1360 2666 1563 2705 Heinsius
1582 2675 1586 2678 ’
1686 2679 1763 2718 139

103 2732 289 2770 aequora
317 2718 361 2757 P
541 2731 616 2768 142
646 2731 896 2769 quacunque
918 2718 962 2757 P
984 2723 1021 2758 et
1044 2720 1087 2758 in
1116 2731 1198 2759 ras,
1228 2720 1298 2760 N:
1330 2733 1620 2770 quamcunque
1650 2721 1761 2771 BQ:

103 2785 407 2824 quemcumque
421 2771 508 2811 DA
610 2774 757 2811 urbem
773 2772 812 2822 Q
924 2784 999 2822 145
1029 2773 1187 2812 lassato
1207 2774 1354 2812 Menke
1465 2777 1541 2824 148
1570 2777 1761 2815 summis-

105 2840 199 2867 sere
217 2826 261 2865 P
367 2839 440 2877 157
470 2827 682 2866 adiunctis
701 2826 783 2865 PA
797 2827 808 2849 ¹
826 2841 835 2867 ε
877 2828 1087 2867 abiunctis
1103 2827 1148 2865 D
1168 2841 1177 2866 :
1206 2829 1389 2868 aiunctis
1407 2829 1510 2878 ΝΩι
1529 2843 1539 2868 :
1567 2843 1592 2868 a
1609 2830 1760 2869 iunctis

104 2881 170 2922 B:
198 2894 223 2922 a
242 2882 404 2921 eunctis
423 2881 617 2932 ΚΩΖΞΑ2
775 2883 851 2920 160
872 2894 1027 2933 repens
1047 2881 1223 2924 PALL:
1255 2895 1403 2922 recens
1424 2883 1547 2934 BNQ
