1884 3204
937 82 1348 131 THEBAIDOS
1389 83 1600 129 LIBER
1636 82 1709 127 VI

0 272 1 284 ἶ
65 225 246 279 tardior
278 222 328 272 in
363 229 539 270 terram
575 218 700 268 redit
734 226 883 281 atque
918 216 1220 280 immergitur
1252 215 1391 264 arvis.

0 296 2 369 ᾖ
65 303 312 366 sic·4cadit,
349 298 568 351 attonitis
605 297 834 362 quotiens
868 296 1091 346 avellitur
1124 296 1277 356 astris,
1632 300 1711 357 685

0 370 1 401 ἢ
53 364 179 439 'solis
213 398 368 448 opaca
400 397 568 440 soror3
616 379 786 442 procul
820 376 1101 434 auxiliantia
1134 386 1306 440 gentes

64 482 176 518 aera
209 470 408 526 crepant
442 462 716 522 frustraque
751 458 943 517 timent,
980 466 1030 505 at
1065 458 1304 505 Thessala
1339 454 1508 504 victrix

63 545 188 597 ridet
220 540 494 593 anhelantis
529 539 700 589 audito
736 537 951 587 carmine
987 537 1137 601 bigas.

51 624 362 682 ‚conlaudant
398 619 573 680 Danai,
612 621 700 668 sed
736 636 837 668 non
873 618 962 667 tibi
1000 619 1148 667 molle
1184 608 1354 676 tuenti,

65 703 436 770 Hippomedon,
476 700 729 763 maiorque
766 715 941 747 manus
977 707 1197 762 speratur
1231 697 1282 745 in
1317 713 1492 760 aequo.
1632 702 1716 757 690

131 788 296 848 Atque
330 781 399 830 illi
434 782 693 844 extemplo,
733 779 813 828 cui
849 796 960 843 spes
996 778 1257 842 infringere
1293 778 1438 827 dulce

65 863 368 922 immodicas,
408 864 624 911 Fortuna
659 860 805 910 venit.
878 859 999 924 quid
1034 860 1239 909 numina
1274 869 1445 908 contra

65 947 266 998 tendere
300 945 371 992 fas
407 942 633 991 homini?
701 942 914 1005 spatium
949 941 1047 990 iam
1082 940 1299 989 immane
1334 940 1553 1003 parabat,

65 1026 162 1076 iam
198 1023 357 1074 cervix
382 1040 639 1087 conversa,
678 1032 726 1071 et
761 1022 858 1070 iam
894 1024 1020 1070 latus
1055 1038 1204 1071 omne
1239 1020 1463 1070 redibat:

65 1104 245 1158 excidit
277 1114 393 1153 ante
427 1105 579 1167 pedes
614 1105 835 1167 elapsum
871 1104 1068 1167 pondus
1104 1111 1152 1151 et
1187 1102 1312 1151 ictus
1640 1105 1722 1160 695

66 1184 286 1235 destituit
320 1186 592 1247 frustraque
628 1199 829 1232 manum
866 1182 1063 1233 demisit
1098 1182 1310 1231 inanem.

66 1264 346 1329 ingemuere
381 1281 569 1324 omnes,
607 1264 823 1327 rarisque
859 1280 917 1312 ea
951 1263 1054 1312 visa
1089 1265 1328 1326 voluptas.

68 1345 185 1396 inde
217 1346 283 1394 ad
318 1353 523 1394 conatus
560 1343 733 1393 timida
767 1343 899 1392 subit
932 1352 1035 1391 arte
1073 1344 1395 1391 Menestheus

69 1425 267 1485 cautior,
306 1434 355 1474 et
390 1427 600 1473 multum
637 1434 698 1484 te,
739 1424 875 1472 Maia
909 1433 1053 1482 crete,
1091 1432 1261 1487 rogato

69 1506 213 1556 molis
248 1505 554 1570 praevalidae
588 1505 791 1568 castigat
825 1505 1024 1568 pulvere
1058 1505 1238 1567 lapsus.
1649 1519 1727 1564 700

69 1587 152 1637 illa
185 1603 334 1636 manu
369 1602 546 1650 magna
579 1595 628 1634 et
663 1587 820 1634 multo
854 1583 1041 1633 felicior
1074 1583 1184 1644 exit,

72 1685 165 1718 nec
199 1675 386 1732 partem
422 1665 645 1730 exiguam
681 1665 797 1714 circi
831 1674 1108 1714 transvecta
1143 1663 1341 1728 quievit.

72 1750 127 1799 fit
161 1765 324 1807 sonus,
362 1756 411 1796 et
445 1749 541 1796 fixa
575 1746 791 1811 signatur
825 1755 950 1795 terra
984 1745 1171 1809 sagitta.

139 1827 334 1878 Tertius
371 1827 732 1892 Hippomedon
766 1826 929 1876 valida
962 1828 1028 1876 ad
1063 1824 1331 1875 certamina
1365 1827 1531 1875 tardos

25 1908 29 1912 ’
74 1909 271 1970 molitur
304 1925 527 1972 gressus;
573 1924 789 1971 namque
824 1907 963 1955 illum
998 1908 1148 1956 corde
1183 1906 1275 1955 sub
1311 1908 1411 1955 alto
1651 1923 1727 1967 705

74 2000 124 2041 et
158 2006 299 2039 casus
335 1990 579 2052 Phlegyae
615 1996 783 2038 monet
818 1996 866 2036 et
900 1989 1096 2036 fortuna
1132 1986 1426 2035 Menesthei.

0 2064 1 2067 Ἴ
76 2071 213 2135 erigit
247 2078 496 2118 assuetum
533 2070 730 2118 dextrae
764 2076 1027 2127 certamen,
1066 2075 1115 2116 et
1149 2069 1246 2115 alte

0 2143 1 2175 3
77 2158 355 2200 sustentans
390 2148 701 2212 rigidumque
734 2150 860 2197 latus
896 2146 1132 2210 fortisque
1167 2148 1374 2196 lacertos

79 2229 290 2279 consulit
324 2246 382 2278 ac
417 2238 555 2278 vasto
590 2237 883 2292 contorquet
917 2227 1128 2287 turbine,
1165 2236 1213 2276 et
1248 2227 1354 2291 ipse

78 2308 400 2375 prosequitur.
473 2309 595 2372 fugit
630 2310 877 2358 horrendo
911 2325 998 2372 per
1031 2307 1198 2357 inania
1233 2310 1359 2356 saltu
1655 2327 1734 2371 710

79 2390 277 2453 iamque
311 2391 482 2453 procul
518 2389 742 2439 meminit
777 2390 975 2438 dextrae
1011 2398 1268 2452 servatque
1302 2398 1526 2439 tenorem

76 2469 260 2530 discus,
299 2486 392 2518 nec
427 2470 581 2519 dubia
621 2469 848 2519 iunctave
885 2471 1181 2519 Menesthea
1215 2469 1399 2518 victum

0 2559 2 2595 ὲ
44 2614 46 2617 .
80 2549 334 2599 transabiit
369 2559 528 2599 meta:
577 2552 724 2614 longe
759 2567 904 2614 super
937 2552 1133 2599 aemula
1166 2549 1305 2614 signa

0 2670 4 2697 ³
87 2677 89 2679 ’
133 2678 214 2726 684
240 2677 370 2730 arvis]
392 2677 517 2716 undis
534 2677 577 2715 A
591 2676 602 2700 ¹
725 2679 805 2727 693
833 2678 1106 2727 spaciumque
1128 2677 1208 2727 ΩΑ
1228 2691 1239 2717 t
1268 2678 1311 2716 in
1326 2676 1374 2714 N
1387 2678 1505 2716 verba
1529 2679 1736 2729 ‘spatium

81 2730 107 2773 ἰ.
125 2730 150 2772 ἰ.
173 2730 346 2782 parabat
359 2731 368 2746 ’
391 2732 436 2770 in
456 2744 539 2770 raS.
553 2732 713 2782 scripsit
731 2745 800 2771 rec.
822 2746 881 2771 m.
1005 2733 1086 2782 696
1116 2731 1286 2771 demisit
1306 2731 1529 2771 PDKSB²
1547 2747 1557 2772 x
1580 2734 1739 2773 dimisit

0 2805 2 2845 ξ
80 2785 179 2825 ΝΒι
326 2786 408 2835 698
437 2786 596 2824 tumida
615 2785 662 2824 N
789 2787 871 2836 699
901 2792 1016 2824 crete
1037 2785 1270 2825 Schrader:
1299 2792 1439 2825 create
1458 2785 1527 2826 P:
1554 2793 1652 2826 nate
1670 2788 1740 2828 ms

0 2853 1 2860 ¹
83 2851 162 2889 700
187 2839 454 2889 praevalidae
473 2839 540 2878 P:
570 2839 872 2890 praegravidae
891 2838 958 2878 ωδ
1137 2852 1211 2888 701
1243 2839 1314 2878 ille
1332 2839 1376 2878 P
1529 2841 1738 2881 multoP:

82 2893 258 2932 multum
277 2908 308 2932 ω
470 2906 546 2943 707
577 2899 791 2932 certamen
811 2893 854 2932 P
867 2893 952 2933 cod.
973 2892 1094 2933 Bodl.
1119 2893 1220 2933 Can.
1243 2905 1295 2943 77
1316 2907 1373 2935 m.
1388 2899 1457 2945 pr.
1479 2908 1489 2934 ε
1518 2901 1738 2945 gestamen

0 2942 4 3007 ξ
85 2946 168 3039 ωδῒ
236 2959 368 3039 P710
395 2953 439 2986 et
458 2948 566 2998 fugit
584 2948 626 2989 P
756 2960 834 2998 712
863 2948 1088 2998 iunctaque
1107 2947 1176 2988 P:
1203 2949 1431 3000 vinctaque
1449 2948 1512 2988 Α2
1662 2964 1741 3000 7¹3

0 3010 2 3047 J
84 3014 151 3041 me
170 3013 217 3040 as

138 3067 254 3096 sur.
275 3067 407 3097 rnen.
1584 3059 1633 3098 11
