1884 3204
157 97 211 149 P.
249 99 492 150 ΡΑΡΙΝΙ
529 98 733 150 STATI

155 249 231 288 ast
265 239 405 289 illum
438 242 695 304 amplexae
713 238 893 290 'Pietas
927 238 1197 303 Virtusque
1231 237 1454 288 ferebant
1527 237 1532 241 ’
1647 255 1650 258 ’
1739 244 1832 299 78σ’

155 320 330 370 leniter
363 322 429 370 ad
463 330 613 370 terras
648 337 862 384 corpus;
911 337 1029 369 nam
1064 320 1260 384 spiritus
1297 319 1416 368 olim

156 411 271 451 ante
293 404 482 456 Iovem
518 411 567 451 et
602 402 809 451 summis
843 401 1038 466 apicem
1073 401 1168 451 sibi
1203 400 1362 465 poscit
1397 399 1449 449 in
1483 397 1637 449 astris.
1687 402 1691 405 “

225 484 434 546 Iamque
469 482 596 531 intra
630 499 798 535 muros
832 485 971 532 nullo
1006 484 1187 532 sudore
1222 490 1476 544 receptum

155 565 428 626 gaudentes
463 565 614 613 heroa
649 565 842 613 ferunt:
889 563 1194 613 abscesserat
1228 564 1358 612 ultro
1401 562 1404 564 ’

155 644 478 694 Tantalidum
514 654 744 694 venerata
779 646 957 694 cohors
974 663 988 706 3
1035 644 1169 693 subit
1203 642 1399 707 agmine
1435 644 1586 706 longo
1743 652 1840 708 785Γ

156 727 284 774 colla
319 725 446 775 inter
480 725 729 785 iuvenum,
768 725 1009 788 laetisque
1044 724 1294 775 favoribus
1330 723 1468 772 omni
1813 722 1819 726 ⁶

156 806 434 857 concinitur
468 809 630 870 vulgo,
668 808 919 857 Cadmum
954 816 1104 870 atque
1139 804 1428 868 Amphiona
1464 821 1610 868 supra

156 888 418 948 conditor3
465 887 517 935 hi
552 883 704 946 sertis,
744 886 796 934 hi
830 886 956 935 veris
991 888 1182 935 honore
1216 887 1404 935 solutos
1630 884 1633 886 ’

153 970 472 1017 accumulant
505 976 638 1016 artus
674 966 930 1031 patriaque
964 965 1016 1014 in
1051 967 1186 1016 sede'
1205 974 1453 1029 reponunt
1840 1031 1842 1035 y

155 1066 334 1112 corpus
369 1050 643 1098 adoratum.
716 1057 946 1111 repetunt
981 1064 1098 1097 mox
1131 1048 1263 1096 bella
1296 1045 1505 1110 peractis
1742 1064 1831 1112 790„

153 1129 414 1179 laudibus:
462 1129 544 1179 hic
578 1129 708 1178 victa
742 1129 934 1194 genitor
966 1127 1281 1178 lacrimabilis
1315 1127 1386 1177 ira
1815 1140 1821 1146 “

155 1211 418 1275 congemit,
458 1221 507 1260 et
542 1212 746 1260 tandem
783 1210 926 1259 matri
961 1212 1078 1259 data
1111 1211 1227 1259 flere
1261 1217 1513 1273 potestas:

159 1295 532 1342 ‘Lustralemne
567 1292 680 1341 feris
716 1309 808 1355 ego
845 1301 907 1352 te,
946 1309 1069 1356 puer
1102 1290 1289 1351 inclite,
1323 1290 1513 1340 Thebis

155 1376 494 1437 devotumque
529 1383 679 1437 caput
713 1373 820 1423 vilis
856 1391 949 1423 ceu
984 1382 1141 1421 mater
1173 1372 1406 1421 alebam?

155 1458 299 1519 quod.
328 1455 501 1505 molita
534 1457 712 1504 nefas?
756 1453 837 1504 cui
871 1463 1065 1504 tantum
1099 1452 1257 1502 invisa
1290 1454 1535 1502 deorum?
1741 1467 1821 1519 795

154 1554 258 1587 non
294 1554 386 1601 ego
423 1535 734 1585 monstrifero
770 1535 905 1585 coitu
940 1537 1161 1585 revoluta
1195 1533 1374 1583 novavi
1814 1534 1817 1535 ⁷

153 1617 373 1683 pignora,
411 1634 504 1666 nec
540 1626 658 1666 nato
693 1616 863 1680 peperi
896 1617 1092 1665 funesta
1125 1624 1347 1679 nepotes.

155 1698 277 1762 quid
312 1700 493 1748 refert?
540 1698 692 1747 habet
727 1715 845 1747 ecce
881 1714 997 1746 suos
1034 1699 1231 1746 Iocasta
1260 1698 1521 1759 >ducesque

154 1779 504 1843 regnantisque
539 1778 707 1828 videt:
755 1795 847 1828 nos
883 1795 1030 1827 saeva
1064 1777 1259 1841 piacula
1294 1777 1427 1826 bello

154 1862 344 1921 demus,
384 1869 439 1908 ut
473 1859 671 1909 alternis
708 1858 892 1923 (placet
926 1860 1024 1908 hoc
1059 1859 1167 1921 tibi,
1202 1857 1421 1908 fulminis
1455 1855 1653 1923 auctor)
1738 1860 1846 1910 ὃοσ

155 1940 514 2006 Oedipodionii
549 1949 743 1990 mutent
777 1940 1061 1990 diademata
1094 1942 1294 1989 fratres!
1815 1938 1822 1942 ’

154 2023 276 2087 quid
311 2039 516 2086 superos
551 2021 845 2071 hominesve
881 2023 1096 2085 queror?
1141 2030 1209 2081 tu,
1248 2037 1393 2070 saeve
1430 2022 1727 2083 Menoeceu,

153 2115 207 2155 tu
244 2104 474 2153 miseram
508 2112 624 2153 ante
660 2103 822 2152 omnis
858 2101 1132 2167 properasti
1166 2102 1475 2166 exstinguere
1511 2111 1734 2152 matrem.

153 2188 288 2236 unde
323 2184 406 2234 hic
442 2184 613 2234 mortis
647 2187 827 2235 amor?
873 2201 1001 2248 quae
1036 2201 1174 2233 sacra
1207 2183 1400 2233 insania
1434 2183 1629 2233 menti?
1800 2182 1803 2184 ’
1848 2179 1850 2181 ’

152 2283 343 2331 quosve
378 2283 471 2330 ego
506 2275 794 2329 conceptuS,
831 2274 917 2315 aut
951 2282 1080 2329 quae
1115 2267 1244 2315 male
1279 2265 1485 2329 pignora
1518 2264 1626 2315 fudi
1738 2275 1819 2327 805

154 2357 256 2396 tam
292 2347 485 2397 diversa
520 2347 679 2397 mihi?
724 2346 957 2396 nimirum
993 2346 1203 2396 Martius
1238 2346 1426 2411 anguis,
1805 2361 1807 2363 ·

212 2477 399 2526 780-782
434 2478 687 2516 monachum
732 2477 906 2528 sapiunt
942 2481 981 2516 et
1017 2477 1127 2516 mihi
1155 2476 1321 2527 quidem
1360 2476 1599 2528 interpolati
1630 2475 1825 2516 videntur
1842 2523 1843 2526 Ἴ

156 2533 236 2582 788
265 2532 463 2571 conditur
479 2530 567 2570 PK
571 2531 588 2555 ‘2
717 2533 879 2571 solutos
897 2531 956 2582 A,
976 2531 1234 2582 Peyraredus
1253 2545 1264 2572 :
1292 2531 1433 2571 soluto
1451 2530 1560 2570 Paes
1583 2529 1728 2583 (solito
1744 2529 1820 2582 P1)
1839 2542 1841 2547 ·

157 2586 239 2636 789
268 2591 477 2636 pactaque
497 2585 539 2623 A
706 2585 814 2624 Post
830 2598 904 2635 791
927 2586 972 2625 in
991 2585 1033 2624 P
1050 2599 1154 2626 vers,
1176 2599 1282 2627 eras,
1302 2586 1422 2626 cuius
1438 2585 1530 2625 init.
1548 2584 1641 2636 fhit
1666 2585 1716 2624 In
1737 2613 1748 2625 .
1771 2613 1783 2626 .
1805 2613 1817 2627 .

156 2642 205 2691 qf.
227 2641 321 2689 805,
344 2642 426 2679 810
591 2641 671 2691 796
699 2640 814 2679 cultu
831 2640 874 2679 P
968 2641 1119 2680 novavi
1140 2641 1239 2687 (-ta-
1257 2646 1463 2691 suprascr.
1483 2639 1547 2692 D)
1567 2638 1666 2689 DQ,
1689 2638 1819 2679 Hein-
1833 2665 1843 2688 ,ι

156 2695 263 2743 sius,
282 2694 530 2745 Burmann,
551 2695 801 2734 Lachmann
821 2708 831 2734 ε
869 2696 1016 2734 notavi
1044 2694 1177 2734 ΒΚΝ
1188 2709 1199 2735 z
1239 2694 1380 2735 natavi
1398 2693 1441 2732 P
1630 2694 1820 2744 798-799
1840 2689 1847 2714 ·”

156 2754 315 2800 transp.
336 2748 378 2787 P
596 2751 676 2799 798
703 2749 833 2789 habet
851 2762 953 2788 ecce
971 2762 1071 2789 suos
1090 2764 1121 2787 ω
1139 2763 1149 2789 :
1177 2749 1305 2789 habet
1323 2761 1426 2788 ecce
1445 2747 1484 2787 S
1497 2762 1507 2788 ε
1535 2747 1693 2797 potitur
1711 2746 1821 2788 natis
1837 2771 1839 2773 ·

154 2802 237 2841 PA
367 2804 449 2842 800
476 2803 651 2843 alternis
667 2803 734 2842 P:
764 2803 916 2843 alterni
935 2803 1014 2855 ωδ,
1038 2804 1084 2853 ff
1106 2804 1133 2843 i.
1154 2817 1236 2854 410
1345 2804 1422 2842 801
1455 2801 1831 2852 Oedipodionides-

154 2857 203 2894 N
326 2859 405 2896 802
435 2857 543 2907 Quis
560 2857 602 2896 P
709 2859 947 2907 meneched
969 2858 1061 2910 (sic)
1081 2857 1125 2896 P
1249 2860 1328 2907 803
1357 2856 1559 2906 extingue
1577 2855 1622 2895 P
1738 2857 1819 2914 805

157 2910 268 2950 male
287 2910 421 2951 BKN
433 2916 471 2953 et
488 2912 589 2953 com'.
609 2911 803 2964 Beaupre'
812 2912 907 2952 Bell
920 2927 930 2952 ε
959 2912 1070 2953 mala
1085 2911 1212 2964 PDQ
1793 2915 1815 2941 ’ἶ
1834 2943 1837 2947 -
1877 2930 1879 2933 ¹
