1884 3204
0 2901 10 3021 ἓ

2 3047 9 3132 Ξ

2 3154 10 3204 i

535 465 750 513 LIBER
797 463 1057 538 SEXTVS

63 614 281 673 ,ΝνΝΤιΑ
317 608 583 672 multivago
620 609 818 655 Danaas
853 604 1120 670 perlabitur
1154 606 1330 655 urbes'

70 694 221 743 Fama
253 692 421 756 gradu,
459 687 647 738 sancire
682 704 814 736 novo
855 686 1112 735 sollemnia
1147 687 1294 735 busto

73 763 335 823 Inachidas
370 771 644 833 ludumque
678 785 837 832 super,
876 784 977 831 quo
1014 767 1195 816 Martia
1230 765 1370 816 bellis

62 853 358 918 praesudare
391 859 529 914 paret
563 866 769 913 seseque
803 849 1075 898 accendere
1109 847 1272 896 virtus.

69 931 270 984 Graium
306 949 366 981 ex
399 948 536 980 more
571 932 753 980 decus:
799 928 984 993 primus
1022 928 1194 978 Pisaea
1228 945 1315 992 per
1349 944 1463 976 arva
1696 948 1717 988 5

67 1015 200 1063 hunc
233 1011 343 1076 pius
378 1011 579 1061 Alcides
614 1009 788 1074 Pelopi
822 1009 1022 1059 certavit
1056 1011 1299 1059 honorem

66 1095 450 1159 pulvereumque
485 1093 586 1141 fera
619 1091 805 1140 crinem
841 1091 1041 1140 detersit
1076 1090 1204 1140 oliva
1220 1109 1234 1152 3

66 1173 286 1239 proxima
320 1172 518 1236 vipereo
553 1171 816 1221 celebravit
850 1170 1003 1220 libera
1037 1187 1165 1220 nexu

67 1253 247 1303 Phocis
282 1252 575 1316 Apollineae
610 1252 796 1301 bellum
832 1251 1017 1315 puerile
1052 1253 1339 1315 pharetrae3

67 1347 182 1381 mox
215 1330 399 1380 circum
434 1329 581 1378 tristis
617 1338 805 1378 servata
839 1328 1150 1378 Palaemonis
1184 1346 1291 1377 aras
1668 1348 1718 1377 10

66 1411 201 1476 nigra
235 1410 526 1474 superstitio,
565 1409 794 1473 quotiens
828 1408 1052 1458 animosa
1085 1409 1288 1458 resumit

67 1493 350 1542 Leucothea
382 1490 592 1555 gemitus
627 1499 676 1539 et
709 1489 869 1539 amica
901 1492 967 1539 ad
1001 1489 1143 1538 litora
1176 1491 1300 1539 festa

0 1571 2 1643 ζ
67 1580 356 1636 tempestate
391 1571 553 1621 venit:
599 1572 802 1635 planctu
838 1573 1117 1619 conclamat
1152 1579 1359 1634 uterque

0 1697 2 1701 ,
57 1654 297 1714 Isthmos,
337 1652 608 1702 Echioniae
643 1661 934 1716 responsant
969 1651 1133 1701 flebile
1168 1653 1387 1701 Thebae.

0 1736 1 1743 ’
67 1743 116 1784 et
148 1749 282 1783 nunc
316 1732 480 1783 eximii
514 1749 696 1797 regum,
735 1732 916 1796 quibus
951 1735 1109 1796 Argos
1145 1732 1356 1782 alumnis
1669 1753 1714 1793 15

0 1825 1 1847 ³
67 1830 308 1864 conexum
344 1815 495 1874 caelo,
533 1830 844 1877 quorumque
879 1813 1097 1877 ingentia
1131 1816 1274 1863 tellus

0 1908 2 1934 ἰ
28 1899 31 1903 “
67 1894 222 1944 Aonis
257 1904 306 1944 et
340 1894 517 1958 Tyriae
552 1893 796 1958 suspirant
830 1894 1034 1943 nomina
1069 1903 1260 1955 matres,

67 1984 365 2025 concurrunt
399 1976 657 2038 nudasque
692 1983 894 2024 movent
928 1974 979 2023 in
1014 1975 1200 2039 proelia
1234 1975 1360 2024 viris.

69 2073 159 2106 ceu
194 2056 408 2120 primum
443 2071 648 2104 ausurae
684 2064 816 2104 trans
851 2056 950 2103 alta
985 2055 1152 2119 ignota
1186 2056 1415 2118 biremes,

68 2153 154 2186 seu
189 2137 492 2200 Tyrrhenam
527 2135 742 2186 hiemem
779 2152 865 2184 seu
900 2145 1070 2200 stagna
1104 2138 1302 2200 Aegaea
1335 2138 1590 2199 lacessant,
1666 2157 1715 2185 20

70 2217 331 2281 tranquillo
365 2217 498 2281 prius
533 2234 668 2266 arma
701 2219 811 2266 lacu
846 2219 1139 2280 clavumque
1173 2217 1392 2280 levisque

70 2299 322 2362 explorant
355 2314 516 2347 remos
550 2307 698 2361 atque
732 2297 838 2362 ipsa
872 2297 1086 2361 pericula
1120 2297 1318 2348 discunt
1334 2316 1349 2359 3

66 2387 116 2427 at
152 2395 265 2427 cum
301 2387 496 2441 experta
531 2380 725 2439 cohors,
760 2387 878 2427 tunc
913 2387 1123 2442 pontum
1158 2378 1436 2443 inrumpere
1471 2381 1623 2429 fretae

66 2458 259 2522 longius
294 2468 583 2522 ereptasque
618 2458 773 2508 oculis
807 2475 910 2507 non
946 2475 1178 2522 quaerere
1213 2468 1375 2508 terras.

132 2540 277 2589 Clara
310 2539 594 2588 laboriferos
630 2541 767 2589 caelo
802 2539 1038 2588 Tithonia
1073 2556 1239 2588 currus
1662 2562 1710 2601 ²5

66 2622 300 2670 extulerat
333 2619 600 2683 vigilesque
635 2621 758 2669 deae
791 2620 1017 2684 pallentis
1052 2621 1272 2670 habenas

122 2759 249 2798 1-135
276 2748 322 2786 in
342 2746 386 2786 D
403 2754 535 2799 paene
555 2748 739 2787 exstincti
942 2749 968 2787 8
995 2748 1233 2788 celebratur
1251 2749 1294 2788 P
1424 2762 1479 2789 20
1507 2749 1717 2791 lacessant

63 2800 188 2842 PA22
224 2802 434 2841 lacessunt
470 2802 708 2851 (lacescunt
741 2802 783 2840 B
812 2806 851 2841 et
872 2802 972 2842 olim
1006 2803 1142 2855 Q(‘.²))
1174 2802 1244 2842 ωδ
1422 2815 1472 2853 25
1502 2805 1617 2844 clara
1643 2807 1715 2845 ubi

66 2854 264 2896 roriferos
278 2855 528 2896 Lachmann
546 2871 556 2896 :
581 2862 627 2896 at
644 2856 714 2896 ubi
731 2856 941 2897 extulerat
964 2856 980 2910 (
991 2863 1066 2910 pro
1086 2857 1156 2896 ubi
1177 2857 1325 2898 extulit
1340 2858 1402 2897 vel
1420 2864 1465 2897 ut
1487 2860 1715 2906 extulerat)

67 2921 204 2949 vereor
213 2914 260 2949 ut
275 2910 483 2951 Latinum
503 2912 559 2951 sit
