1884 3204
219 163 272 209 P.
311 162 553 212 ΡΑΡΙΝΙ
591 163 795 213 STATI

217 301 428 350 claustra
462 311 638 352 tonant
673 304 958 367 multusque
993 303 1135 367 polos
1171 302 1375 352 inclinat
1411 301 1583 363 Orion,

216 381 321 445 ipse
357 383 561 446 quidem
597 384 735 433 malit
768 393 918 433 terras
952 393 1238 448 pugnatque
1269 384 1456 444 reverti,

216 464 307 512 fert
342 463 515 528 ingens
551 482 581 514 a
614 482 783 529 puppe
819 467 996 526 Notus,
1036 474 1155 514 tunc
1190 474 1293 514 arte
1327 465 1496 514 relicta
1861 528 1866 532 ἡ

216 544 421 608 ingemit
456 555 505 594 et
539 563 711 596 caecas
747 546 966 610 sequitur
1001 546 1099 596 iam
1135 546 1330 596 nescius
1365 548 1559 595 undas:
1825 566 1878 606 30

217 625 326 675 talis
360 629 651 690 Agenoreus
688 629 865 677 ductor
899 629 1138 691 caeloque
1174 636 1451 676 morantem

216 706 501 756 Luciferum
537 717 585 757 et
620 725 753 758 seros
789 708 1122 758 maerentibus
1157 708 1377 772 increpat
1412 717 1561 757 ortus.

285 790 418 837 Ecce
453 790 546 839 sub
583 789 817 839 occiduas
852 807 1021 839 versae
1055 790 1155 838 iam
1190 789 1351 838 noctis
1386 790 1607 838 habenas

214 878 557 933 astrorumque
591 870 772 932 obitus,
810 870 897 920 ubi
931 870 1146 934 primum
1182 869 1395 919 maxima
1430 872 1617 933 Tethys

214 949 410 1013 impulit
445 953 557 1000 Eoo
593 960 912 1000 cunctantem
949 950 1242 1014 Hyperiona
1275 960 1446 1013 ponto,
1565 943 1568 947 ⁴
1827 970 1877 1012 35

214 1030 315 1078 ima
349 1031 618 1094 flagellatis,
657 1031 851 1094 signum
887 1031 1094 1095 lugubre
1129 1033 1385 1090 malorum,

213 1111 519 1174 ponderibus
555 1111 818 1176 trepidavit
852 1113 1048 1172 humuS,
1087 1120 1353 1175 motusque
1389 1111 1658 1162 Cithaeron

212 1191 440 1256 antiquas
476 1192 616 1242 dedit
649 1192 718 1242 ire
754 1192 923 1253 nives;
974 1201 1093 1243 tunc
1128 1191 1232 1241 visa
1266 1192 1414 1241 levari

213 1273 432 1323 culmina
466 1283 801 1338 septenaeque
835 1273 951 1338 iugo
987 1290 1279 1343 concurrere
1313 1283 1498 1337 portae.

214 1364 262 1404 et
298 1371 452 1419 prope
489 1364 603 1404 sunt
639 1372 850 1405 causae:
898 1354 1064 1419 gelido
1099 1355 1352 1412 remeabat
1388 1357 1499 1405 Eoo
1824 1377 1879 1418 40

212 1435 361 1485 iratus
397 1436 509 1486 fatis
545 1446 594 1486 et
629 1436 778 1486 tristis
815 1446 973 1486 morte
1010 1445 1188 1500 negata

212 1517 558 1567 Haemonides
574 1537 588 1580 3
637 1520 855 1567 necdum
891 1534 976 1567 ora
1010 1526 1194 1582 patent,
1232 1517 1515 1581 dubiusque
1550 1518 1709 1568 notari

211 1597 350 1661 signa
385 1599 536 1648 dabat
572 1616 781 1663 magnae
815 1601 962 1664 longe
998 1598 1259 1648 manifesta
1305 1598 1475 1648 ruinae

213 1681 515 1743 planctuque
551 1689 600 1730 et
634 1680 858 1745 gemitu3
897 1679 1123 1729 lacrimas
1158 1697 1275 1728 nam
1310 1679 1535 1744 protinus
1572 1680 1736 1730 omnis

211 1762 416 1810 fuderat.
489 1763 625 1811 haud
659 1761 799 1811 aliter
833 1764 960 1811 saltu
997 1760 1264 1811 devertitur
1299 1762 1450 1811 orbus
1823 1785 1850 1824 4

211 1850 378 1905 pastor
411 1843 476 1891 ab
511 1851 758 1906 agrestum
794 1851 1038 1892 nocturna
1073 1851 1233 1906 strage
1267 1843 1512 1906 luporum,

210 1919 350 1968 cuius
387 1919 504 1968 erile
539 1937 691 1984 pecus
727 1920 859 1969 silvis
894 1920 1127 1984 inopinus
1162 1919 1328 1983 abegit

211 2000 370 2050 imber
405 2010 454 2050 et
489 2001 726 2051 hibernae
759 2011 966 2051 ventosa
1000 2001 1261 2050 cacumina
1294 2003 1474 2051 lunae:

211 2084 321 2131 luce
357 2091 529 2146 patent
565 2084 779 2143 caedes3
825 2082 1033 2132 domino
1070 2084 1282 2146 perferre
1317 2082 1527 2132 recentis

210 2163 316 2227 ipse
352 2163 493 2213 timet
529 2181 688 2226 casus,
724 2166 1000 2227 haustaque
1035 2163 1258 2213 informis
1295 2165 1479 2213 harena
1736 2164 1741 2167 ”
1826 2186 1879 2228 50

211 2244 468 2308 questibus
505 2244 678 2309 implet
712 2262 868 2309 agros,
908 2245 1189 2309 stabulique
1225 2244 1418 2294 silentia
1454 2245 1619 2309 magni

211 2326 317 2376 odit
353 2336 402 2375 et
436 2326 644 2376 amissos
681 2329 831 2391 longo
867 2326 964 2377 ciet
1000 2326 1174 2376 ordine
1210 2336 1389 2376 tauros.

280 2409 430 2456 Illum
466 2418 732 2471 congestae
766 2418 1019 2472 portarum
1054 2410 1119 2457 ad
1155 2407 1326 2456 limina
1362 2417 1541 2457 matres

210 2498 263 2537 ut
300 2491 462 2538 solum
499 2489 667 2539 videre
702 2488 864 2555 (nefas
886 2489 933 2554 1),
971 2491 1108 2538 nulla
1142 2488 1341 2553 agmina
1376 2489 1562 2538 circum

211 2570 616 2634 magnanimosve
651 2573 820 2632 duces,
859 2570 929 2620 nil
965 2588 1114 2620 ausae
1150 2588 1386 2634 quaerere
1422 2573 1603 2620 tollunt
1826 2592 1876 2635 55

210 2653 492 2712 clamorem,
532 2651 690 2716 qualis
725 2652 859 2702 bello
896 2668 1155 2716 supremus
1190 2651 1372 2715 apertis

209 2733 427 2793 urbibus,
466 2743 551 2783 aut
586 2735 763 2798 pelago
798 2734 897 2783 iam
933 2733 1193 2783 desidente
1229 2733 1406 2782 carina.

263 2861 316 2900 28
345 2861 488 2901 mallet
514 2861 563 2901 N
722 2876 776 2913 32
805 2863 1000 2912 increpat
1027 2867 1120 2912 sup.
1142 2863 1216 2902 lz'n.
1238 2862 1283 2900 D
1448 2876 1501 2913 34
1531 2863 1660 2904 thetis
1690 2863 1872 2916 (thetys)

209 2914 376 2967 PDNQ
539 2930 590 2967 47
621 2918 766 2967 adegit
787 2917 907 2968 Ellis,
929 2917 1050 2956 haud
1063 2918 1143 2956 scio
1163 2931 1220 2957 an
1243 2922 1340 2957 recte
1450 2919 1504 2968 48
1534 2918 1628 2958 luae
1647 2919 1689 2958 P
1821 2931 1874 2969 54

211 2970 323 3010 circa
349 2970 392 3009 P
525 2983 578 3021 55
608 2972 987 3022 magnanimosque
1008 2971 1138 3023 codd„
1162 2985 1262 3012 corr.
1288 2972 1541 3011 Lachmann
1671 2973 1731 3012 nil
1759 2972 1846 3012 PK
1862 2988 1873 3013 ε

208 3024 311 3064 nihil
342 3022 550 3073 BDNQS
727 3029 781 3077 56
813 3026 923 3066 bello
960 3026 1095 3077 qualis
1124 3026 1169 3064 D
1346 3038 1396 3076 57
1429 3028 1715 3069 descendente
1745 3027 1870 3078 codd„

210 3092 309 3119 corr.
331 3077 534 3119 Heinsius
