1884 3204
945 65 1357 114 THEBAIDOS
1394 65 1609 114 LIBER
1645 68 1748 115 VII

105 205 422 275 praecipitant
455 202 802 265 redimuntque
838 216 1013 249 moras.
1085 198 1155 248 sic
1190 198 1332 247 litora
1366 208 1516 248 vento

83 287 365 352 incipiente
398 286 623 342 fremunt,
661 281 843 344 fugitur
877 297 992 329 cum
1027 289 1197 343 portus
1214 298 1228 340 3
1276 279 1462 342 ubique
1676 299 1753 338 140

103 370 210 419 vela
242 369 413 426 fluunt,
450 363 543 426 laxi
578 362 818 411 iactantur
852 360 1038 423 ubique
1073 362 1339 420 rudentes;

102 449 296 511 iamque
330 453 500 494 natant
534 441 669 502 remi,
707 450 843 490 natat
883 440 1045 491 omnis
1081 439 1133 488 in
1168 456 1383 503 aequore
1419 455 1616 488 summo

100 543 290 589 ancora,
329 525 425 574 iam
460 522 619 573 dulcis
656 521 806 571 medii
842 522 904 570 de
939 520 1126 584 gurgite
1161 519 1303 583 ponti

76 606 353 671 respicitur
387 606 529 654 tellus
567 602 873 665 comitesque
907 618 938 650 a
972 617 1140 664 puppe
1175 599 1344 650 relictiss

110 748 114 750 ,
165 687 367 737 Viderat
403 683 632 735 Inachias
667 682 893 747 rapidum
929 684 1201 746 glomerare
1236 680 1455 730 cohortis
1678 701 1753 742 145

99 769 325 820 Bacchus
359 766 449 815 iter
467 783 482 827 ‚·
525 764 711 830 gemuit
746 763 944 826 Tyriam
981 779 1246 812 conversus
1281 763 1347 811 ad
1382 762 1570 821 urbem,

95 847 413 910 altricemque
448 847 654 896 domum
690 853 738 894 et
773 843 955 908 patrios
991 842 1317 892 reminiscitur
1351 842 1490 906 ignis,

98 945 396 995 purpureum
433 926 555 976 tristi
591 926 812 975 turbatus
848 933 1048 989 pectore
1082 926 1306 973 vultum:

98 1026 200 1059 non
235 1009 404 1068 crines,
443 1025 546 1057 non
581 1017 707 1056 serta
741 1008 866 1066 loco,
905 1007 1226 1068 dextramque
1262 1004 1457 1068 reliquit

98 1091 303 1153 thyrsus,
342 1098 391 1138 et
426 1087 637 1137 intactae
671 1087 956 1137 ceciderunt
991 1085 1224 1135 cornibus
1260 1102 1396 1134 uvae.
1679 1107 1756 1147 150

99 1187 213 1235 ergo
248 1179 302 1218 ut
337 1178 438 1218 erat
473 1168 684 1218 lacrimis
719 1170 957 1232 lapsoque
993 1167 1264 1216 inhonorus
1299 1166 1485 1214 amictu

98 1260 212 1302 ante
248 1252 420 1300 Iovem
457 1250 525 1312 (et
560 1259 678 1298 tunc
713 1251 836 1298 forte
871 1249 1042 1312 polum
1078 1256 1294 1297 secretus
1330 1246 1570 1311 habebat)

99 1330 330 1391 constitit,
368 1331 502 1379 haud
538 1346 775 1392 umquam
811 1328 935 1377 facie
970 1337 1265 1391 conspectus
1301 1326 1353 1375 in
1389 1326 1471 1375 illa

97 1411 213 1478 (nec
247 1427 422 1460 causae
457 1412 642 1459 latuere
675 1409 902 1473 patrem),
941 1410 1246 1472 supplexque
1280 1409 1528 1470 profatur:

102 1497 114 1518 ‘
133 1491 455 1542 Exscindisne
491 1499 612 1551 tuas,
650 1489 819 1539 divum
855 1499 985 1538 sator
1019 1488 1219 1552 optime,
1257 1488 1496 1536 Thebas?
1675 1507 1721 1547 15
1729 1507 1752 1547 5

99 1589 243 1622 saeva
276 1573 403 1621 adeo
437 1570 698 1620 coniunx?
744 1587 837 1619 nec
873 1579 922 1619 te
957 1568 1141 1618 telluris
1177 1577 1372 1617 amatae

97 1651 390 1721 deceptique
424 1651 535 1701 laris
572 1651 768 1701 miseret
803 1650 1124 1714 cinerumque
1160 1651 1422 1698 meorum?

97 1742 216 1792 esto,
255 1732 372 1783 olim
408 1732 615 1781 invitum
650 1731 888 1780 iaculatus
925 1730 1142 1780 nubibus
1178 1729 1358 1794 ignem,

97 1812 374 1864 credimus:
423 1830 486 1862 en
521 1812 697 1862 iterum
732 1821 836 1861 atra
870 1813 1018 1861 refers
1059 1810 1293 1860 incendia
1327 1809 1478 1870 terris,

98 1910 190 1943 nec
225 1895 371 1957 Styge
405 1893 572 1952 iurata,
611 1909 704 1942 nec
739 1892 939 1956 paelicis
975 1901 1077 1940 arte
1118 1900 1329 1955 rogatus.
1676 1899 1754 1942 160

99 1974 208 2038 quis
243 1975 458 2023 modus?
503 1991 566 2022 an
602 1973 747 2023 nobis
782 1982 920 2037 pater
955 1972 1204 2035 iratusque
1240 1972 1505 2035 bonusque

99 2056 287 2104 fulmen
322 2055 512 2103 habes?
558 2055 646 2102 sed
681 2070 784 2102 non
821 2052 1043 2102 Danaeia
1078 2042 1250 2101 limina
1285 2051 1393 2100 talis

100 2134 507 2198 Parrhasiumque
541 2151 715 2183 nemus
752 2136 1073 2197 Ledaeasque
1107 2133 1201 2182 ibis
1236 2134 1482 2196 Amyclas.

100 2214 284 2264 scilicet
320 2232 348 2263 e
382 2214 572 2263 cunctis
609 2231 701 2277 ego
737 2213 1098 2278 neglectissima
1132 2213 1260 2262 natis

102 2295 395 2359 progenies?
440 2312 532 2358 ego
566 2312 747 2358 nempe
783 2305 961 2354 tamen,
1002 2294 1086 2358 qui
1122 2296 1267 2343 dulce
1302 2293 1477 2342 ferenti
1675 2300 1750 2353 165

97 2378 293 2440 pondus
329 2393 474 2435 eram,
513 2374 593 2424 cui
628 2385 682 2424 tu
718 2375 946 2438 dignatus
982 2375 1153 2424 limina
1188 2375 1315 2424 vitae
1485 2436 1490 2440 1

96 2466 506 2526 praereptumque
541 2466 732 2505 uterum
770 2466 819 2505 et
854 2466 1099 2505 maternos
1135 2458 1340 2507 reddere
1377 2455 1572 2505 mensis.

96 2538 226 2586 adde
261 2538 397 2600 quod
431 2537 642 2586 imbellis
679 2537 895 2601 rarisque
931 2537 1141 2586 exercita
1177 2536 1344 2586 castris

97 2618 239 2667 turba
273 2634 406 2666 meas
441 2617 585 2677 acies,
625 2635 736 2677 mea
770 2627 960 2666 tantum
997 2617 1183 2681 proelia
1217 2626 1412 2677 norunt,

153 2756 228 2794 152
256 2757 429 2792 securus
447 2751 540 2797 sup.
562 2750 752 2784 secretus
774 2745 812 2794 Q
978 2747 1055 2796 158
1083 2745 1285 2785 iaculatus
1306 2744 1467 2795 PBDQ
1487 2759 1497 2784 :
1526 2746 1750 2785 iaculatum

98 2798 143 2837 N
159 2813 170 2838 ε
208 2799 409 2849 iaculatus
428 2799 484 2848 K,
505 2798 553 2838 de
579 2799 616 2838 S
642 2812 726 2837 non
745 2799 869 2850 liquet
1112 2811 1188 2849 159
1215 2813 1268 2838 en
1300 2801 1449 2838 iterata
1478 2800 1626 2851 Barth,
1659 2801 1754 2844 bene

102 2855 176 2903 165
202 2866 342 2904 neppe
361 2853 407 2892 N
512 2854 686 2893 ferentis
705 2853 748 2893 P
911 2854 985 2904 167
1016 2859 1179 2893 uterum
1199 2854 1332 2893 Barth
1353 2868 1365 2894 ε
1392 2855 1474 2893 iter
1492 2854 1606 2896 codd.
