1884 3204
957 68 1368 135 THEBAJDOS
1407 70 1621 118 LIBER
1657 71 1733 119 VI

83 220 247 271 mater,
284 218 332 260 et
366 209 470 272 ipse
505 206 676 270 procul
711 206 841 254 fama
875 204 972 253 iam
1011 214 1158 255 notus
1194 206 1392 255 inermis

78 300 296 354 ‚narratur
331 304 495 338 cervas
530 287 682 349 pedes
721 284 847 334 inter
880 295 1048 349 aperta
1085 287 1267 349 Lycaei

81 373 248 422 tollere
283 378 331 419 et
366 367 598 418 emissum
635 382 779 414 cursu
814 367 1120 429 deprendere
1157 369 1323 415 telum.

81 452 279 502 tandem
315 456 621 512 exspectatus
659 445 844 494 volucri
879 463 1026 509 super
1060 446 1256 510 agmina
1291 449 1417 496 saltu

80 530 256 583 emicat
292 539 340 579 et
375 537 504 578 torto
540 527 853 589 chlamydem
896 526 1138 575 diffibulat
1173 544 1308 576 auro.
1653 544 1733 590 570

72 611 300 664 ,effulsere
334 618 480 668 artus,
519 607 953 669 membrorumque
989 607 1151 656 omnis
1186 605 1353 671 aperta
1389 617 1462 656 est

81 689 275 749 laetitia,
315 688 528 752 insignes
564 686 732 746 umeri,
771 702 864 735 nec
899 696 1099 750 pectora
1134 687 1280 736 nudis

82 754 322 821 deteriora
356 768 506 833 genis,
546 765 786 830 latuitque
821 766 872 815 in
909 784 1114 831 corpore
1149 769 1324 816 vultus.

11 886 16 910 2
80 849 184 914 ipse
219 858 385 899 tamen
421 850 606 898 formae
641 849 839 897 laudem
875 856 1162 911 aspernatur
1197 857 1245 897 et
1279 858 1411 897 arcet

8 926 15 949 ³
83 930 332 992 mirantis,
378 940 496 979 tunc
532 928 778 978 Palladios
814 946 916 977 non
953 929 1135 978 inscius
1172 931 1375 979 haustus
1652 947 1729 993 575

80 1010 303 1075 incubuit
338 1010 606 1075 pinguique
642 1020 806 1059 cutem
842 1011 1058 1059 fuscatur
1093 1010 1237 1060 olivo.

10 1070 14 1107 1
81 1093 176 1141 hoc
214 1093 344 1153 Idas,
382 1093 478 1140 hoc
515 1107 650 1139 more
688 1093 874 1154 Dymas
909 1091 1091 1154 aliique
1133 1091 1410 1140 nitescunt:

9 1176 13 1204 ¹
82 1171 151 1222 sic
186 1171 271 1221 ubi
306 1171 569 1235 tranquillo
604 1173 858 1235 perlucent
895 1171 1055 1221 sidera
1090 1181 1246 1235 ponto

10 1308 11 1312 Ἰ
80 1250 391 1315 vibraturque
425 1253 558 1300 fretis
593 1251 716 1300 caeli
752 1253 988 1300 stellantis
1024 1251 1200 1315 imago,

81 1331 248 1382 omnia
281 1333 410 1381 clara
444 1331 614 1390 nitent,
655 1333 743 1380 sed
778 1331 951 1380 clarior
986 1331 1154 1380 omnia
1189 1349 1334 1395 supra
1652 1344 1731 1394 580

2 1405 11 1476 J}
83 1413 335 1476 Hesperos
371 1421 578 1461 exsertat
612 1412 788 1472 radios,
828 1421 1140 1475 quantusque
1175 1430 1261 1476 per
1294 1415 1449 1461 altum

6 1506 11 1538 ἱ
81 1494 290 1554 aethera,
329 1492 562 1542 caeruleis
598 1501 762 1541 tantus
799 1501 1097 1541 monstratur
1130 1492 1183 1541 in
1218 1493 1379 1542 undis.

81 1574 328 1639 proximus
364 1583 412 1623 et
446 1575 603 1623 forma
637 1590 730 1622 nec
766 1575 977 1622 multum
1014 1574 1208 1638 segnior
1244 1576 1361 1624 Idas

6 1682 9 1714 ;
81 1653 302 1703 cursibus
337 1663 484 1718 atque
519 1670 642 1703 aevo
677 1653 810 1703 iuxta
845 1654 976 1717 prior
991 1673 1004 1715 ;
1050 1663 1269 1703 attamen
1304 1655 1372 1704 illi

7 1760 9 1773 ι
81 1733 178 1782 iam
213 1742 412 1783 tenuem
446 1733 652 1797 pingues
688 1736 859 1783 florem
894 1734 1130 1784 induxere
1165 1738 1452 1798 palaestrae,
1650 1749 1728 1798 585

4 1846 7 1851 >
81 1810 392 1874 deserpitque
426 1811 562 1874 genis
599 1828 691 1860 nec
726 1828 778 1860 se
813 1814 994 1875 lanugo
1029 1814 1207 1860 fatetur

30 1889 34 1893 ’
79 1890 305 1940 intonsae
341 1892 432 1940 sub
468 1892 602 1940 nube
638 1908 823 1940 comae.
896 1901 1015 1941 tunc
1050 1892 1140 1941 rite
1176 1892 1350 1942 citatos

4 2011 7 2028 ,
80 1973 331 2034 explorant
365 1981 647 2035 acuuntque
680 1974 876 2035 gradus,
909 1973 1163 2036 variasque
1197 1991 1284 2037 per
1317 1974 1432 2023 artis

0 2080 2 2086 =
81 2052 391 2101 exstimulant
427 2054 578 2101 docto
614 2052 895 2116 languentia
930 2054 1153 2103 membra
1187 2057 1430 2104 tumultu:

81 2132 266 2196 poplite
301 2150 434 2182 nunc
470 2134 637 2183 sidunt
671 2136 811 2194 flexo,
849 2152 982 2184 nunc
1016 2135 1203 2185 lubrica
1238 2136 1349 2185 forti
1649 2158 1730 2199 590

83 2221 282 2275 pectora
317 2213 575 2263 conlidunt
610 2215 799 2277 plausu,
838 2232 971 2264 nunc
1006 2215 1149 2279 ignea
1183 2219 1362 2265 tollunt

83 2307 222 2340 crura
257 2294 556 2357 brevemque
590 2295 756 2357 fugam
793 2296 1041 2360 necopino
1076 2298 1175 2346 fine
1210 2307 1468 2360 reponunt.

149 2374 217 2421 Vt
250 2373 346 2422 ruit
379 2383 529 2436 atque
563 2391 778 2437 aequum
815 2376 1042 2425 submisit
1076 2380 1242 2440 regula
1276 2377 1446 2438 limen,

0 2450 1 2455 ’
81 2452 356 2516 corripuere
391 2456 521 2519 leves
558 2454 785 2518 spatium,
822 2472 1100 2521 campoque
1134 2458 1320 2507 refulsit

134 2581 215 2630 568
241 2582 548 2631 comprendere
568 2582 684 2623 Serv.
710 2583 819 2623 Aen.
840 2584 894 2624 ix.
918 2596 998 2635 559
1171 2599 1252 2638 572
1280 2587 1472 2637 insignes
1504 2588 1707 2639 PBQSN
1720 2604 1728 2629 :

81 2634 354 2685 insignesque
386 2635 441 2686 D,
475 2636 522 2675 de
549 2637 594 2675 K
626 2650 709 2675 non
742 2638 867 2687 liquet
1015 2640 1129 2679 nuda
1161 2640 1217 2690 D,
1255 2641 1361 2680 unde
1387 2643 1515 2681 nudat
1541 2643 1732 2694 Postgate

80 2699 159 2739 573
196 2688 382 2739 aluitque
429 2691 473 2728 in
515 2703 694 2740 corpore
741 2692 876 2731 virtus
913 2691 989 2742 P1,
1027 2707 1125 2733 corr.
1165 2707 1236 2734 sec.
1282 2709 1338 2735 m.
1375 2697 1593 2746 patuitque
1631 2699 1655 2736 i.
1693 2712 1730 2736 e.

79 2742 214 2782 virtus
244 2741 500 2793 quraredus
677 2756 754 2794 577
786 2758 882 2785 rore
909 2746 1120 2786 Baehrens
1311 2762 1391 2799 579
1418 2750 1617 2789 stillantis
1645 2750 1727 2788 PA

79 2795 155 2844 581
186 2802 373 2836 exsertat
391 2796 618 2837 Schrader:
647 2805 822 2838 exercet
841 2800 947 2839 Poes
1054 2802 1135 2850 586
1151 2802 1252 2852 fort.
1274 2803 1536 2853 inserpitque
1650 2806 1730 2854 589

80 2849 339 2888 instimulant
357 2849 490 2889 DKN
587 2863 663 2901 591
694 2853 842 2902 cignea
862 2867 995 2905 marg.
1018 2854 1065 2894 N
1072 2854 1086 2879 ¹
1195 2867 1274 2906 593
1304 2857 1386 2896 iam
1406 2858 1486 2896 ruit
1506 2856 1554 2895 N
1647 2870 1729 2908 594

5 2956 8 2963 ,
79 2901 172 2942 leve
200 2902 248 2941 N
262 2917 271 2943 :
313 2904 449 2956 levem
470 2905 509 2955 Q
615 2907 658 2944 in
681 2919 915 2958 campoque
934 2908 982 2947 N
