1884 3204
997 54 1410 104 THEBAIDOS
1447 55 1662 103 LIBER
1699 57 1772 105 XI

130 193 241 258 igne
274 201 487 243 tremunt
520 191 662 251 oculi,
700 193 966 254 lunataque
1000 191 1231 240 dentibus
1266 190 1406 239 uncis

46 270 49 276 ⁴
129 291 213 324 ora
246 283 455 333 sonant3
500 281 688 336 spectat
722 285 910 335 pugnas
945 272 1008 320 de
1043 288 1163 334 rupe
1198 272 1475 335 propinqua

126 363 327 403 venator
359 355 545 417 pallens
579 352 884 415 canibusque
918 351 1111 401 silentia
1145 354 1350 401 suadet:

127 433 196 483 sic
229 433 359 482 avidi
392 433 644 482 incurrunt
661 450 675 493 3
719 433 934 481 necdum
970 432 1132 480 letalia
1167 432 1376 482 miscent
1696 451 1774 492 535

126 514 335 572 vulnera,
373 513 461 561 sed
495 521 699 575 coeptus
735 511 943 574 sanguis,
982 511 1271 574 facinusque
1305 519 1558 575 peractum
1594 522 1680 561 est.

43 584 46 586 ’
124 608 216 641 nec
250 591 346 640 iam
381 608 504 655 opus
539 601 612 640 est
648 591 839 652 Furiis;
883 601 1075 640 tantum
1111 592 1347 639 mirantur
1381 601 1430 640 et
1464 602 1625 640 astant

78 678 81 679 ’
123 673 391 731 laudantes,
429 671 788 735 hominumque
823 673 994 721 dolent
1028 674 1138 735 plus
1174 688 1320 735 posse
1354 673 1553 720 furores.

124 752 277 801 fratris
312 761 516 815 uterque
551 754 715 800 furens
752 752 888 816 cupit
921 753 1236 816 adfectatque
1271 769 1496 802 cruorem

63 822 66 825 ’
123 842 171 882 et
204 831 359 881 nescit
393 849 590 882 manare
625 850 770 882 suum
787 851 801 894 3
847 835 1048 882 tandem
1083 833 1232 882 inruit
1266 835 1416 894 exsul,
1691 854 1774 893 540

122 915 439 976 hortatusque
474 930 690 973 manum,
729 914 809 962 cui
843 914 1013 963 fortior
1046 914 1117 962 ira
1151 916 1387 978 nefasque

119 992 303 1053 iustius,
340 995 437 1042 alte
471 1011 642 1043 ensem
676 995 895 1057 germani
916 995 980 1043 ‘in
1016 1011 1220 1059 corpore
1256 995 1443 1059 pressit,

121 1089 218 1136 qua
251 1076 379 1123 male
414 1074 511 1123 iam
547 1075 726 1139 plumis
761 1076 889 1125 imus
925 1076 1044 1139 tegit
1078 1076 1279 1140 inguina
1314 1078 1499 1125 thorax.

118 1154 197 1203 ille
232 1155 406 1203 dolens
441 1158 680 1217 nondum,
718 1158 806 1206 sed
842 1157 951 1206 ferri
986 1157 1162 1220 frigore
1196 1157 1355 1220 primo

118 1234 308 1283 territus
343 1235 394 1283 in
429 1235 642 1299 clipeum
678 1238 898 1286 turbatos
934 1237 1118 1300 colligit
1151 1247 1283 1286 artus
1302 1256 1316 1297 ,·
1688 1257 1767 1298 545

118 1332 232 1364 mox
265 1315 515 1365 intellecto
550 1317 703 1380 magis
738 1334 796 1366 ac
832 1318 986 1381 magis
1019 1334 1163 1380 aeger
1195 1319 1396 1366 anhelat

117 1398 350 1457 vulnere3
394 1414 487 1446 nec
521 1397 676 1461 parcit
710 1397 908 1447 cedenti
941 1407 1091 1460 atque
1127 1398 1347 1460 increpat
1382 1398 1567 1447 hostis:

120 1478 264 1539 ‘Quo
298 1477 516 1539 retrahis,
550 1495 795 1541 germane,
833 1480 1050 1541 gradus?
1095 1480 1193 1527 hoc
1234 1478 1466 1542 languida
1507 1495 1699 1539 somno,

117 1560 212 1608 hoc
245 1559 404 1623 regnis
439 1561 584 1609 effeta
617 1559 770 1623 quies,
809 1561 906 1608 hoc
946 1561 1094 1623 longa
1128 1561 1220 1609 sub
1257 1561 1432 1609 umbra

116 1639 349 1703 imperia!
396 1639 564 1689 exsilio
599 1641 845 1703 rebusque
880 1640 1090 1690 exercita
1124 1641 1291 1704 egenis
1689 1661 1768 1702 55ο

117 1720 337 1769 membra
370 1720 541 1782 vides,
587 1720 723 1770 disce
757 1738 892 1770 arma
925 1721 1028 1784 pati
1063 1739 1156 1771 nec
1191 1723 1343 1771 fidere
1378 1722 1548 1772 laetis.’

181 1800 262 1850 Sic
296 1810 517 1864 pugnant
552 1801 717 1851 miseri
734 1820 747 1863 3
782 1803 998 1851 restabat
1033 1804 1161 1851 lassa
1196 1804 1416 1851 nefando

115 1880 212 1929 vita
245 1881 361 1930 duci
396 1898 717 1946 summusque
752 1900 907 1942 cruor,
946 1892 1272 1946 poterantque
1306 1900 1569 1947 parumper

116 1970 240 2010 stare
273 1964 451 2024 gradus
468 1981 482 2023 3
529 1965 617 2012 sed
653 1973 830 2026 sponte
865 1963 960 2012 ruit
994 1966 1318 2027 fraudemque
1354 1981 1635 2028 supremam

114 2041 166 2091 in
200 2043 362 2092 media
396 2043 494 2092 iam
529 2053 688 2093 morte
722 2053 872 2107 parat.
944 2046 1158 2093 clamore
1194 2044 1464 2095 Cithaeron
1689 2066 1768 2106 555

115 2123 322 2187 erigitur,
359 2127 602 2188 fraterque
638 2134 769 2173 ratus
804 2125 978 2174 vicisse
1012 2125 1190 2174 levavit

114 2205 179 2253 ad
213 2207 403 2254 caelum
439 2208 657 2269 palmas:
709 2208 873 2255 ‘Bene
908 2207 1091 2254 habet!
1140 2223 1242 2254 non
1277 2205 1422 2255 inrita
1455 2207 1581 2268 vovi,

115 2301 262 2334 cerno
295 2285 451 2348 gravis
486 2288 658 2335 oculos
692 2295 842 2349 atque
876 2303 961 2335 ora
995 2286 1214 2335 natantia
1247 2287 1384 2335 letos

59 2432 64 2433 ⁷
115 2366 212 2414 huc
245 2365 421 2429 aliquis
456 2383 663 2430 propere
698 2376 945 2430 sceptrum
981 2376 1129 2430 atque
1164 2366 1355 2431 insigne
1389 2384 1659 2429 comarum,

167 2505 247 2543 532
275 2494 523 2544 premuntP
683 2496 765 2544 536
793 2500 939 2534 coetus
966 2494 1008 2532 P
1115 2506 1304 2544 541-542
1333 2500 1491 2548 transp.
1522 2496 1564 2534 P
1687 2511 1763 2548 541

114 2547 394 2598 hortaturque
413 2548 498 2586 PD
643 2561 722 2598 542
752 2561 954 2598 germane
974 2550 1007 2599 <i
1027 2554 1119 2599 sup.
1142 2563 1165 2588 e
1185 2549 1302 2601 add.)
1319 2551 1363 2588 D
1380 2564 1388 2588 :
1417 2563 1620 2600 germano
1639 2552 1768 2591 Hein-

113 2602 204 2642 sius
359 2614 438 2652 545
469 2603 660 2642 turbatos
690 2603 756 2641 P:
785 2604 976 2642 turbatus
1001 2617 1056 2644 ou:
1087 2613 1282 2642 curvatus
1311 2604 1542 2643 Scriverius
1687 2620 1766 2656 547

114 2655 248 2694 hostis
276 2655 363 2694 ΡΝ
379 2671 388 2695 :
418 2657 531 2696 hosti
548 2656 679 2706 BQK
692 2657 730 2694 ¹:
759 2658 923 2696 hostem
945 2657 1050 2695 ΒΚ*
1160 2659 1240 2707 548
1269 2659 1348 2696 hoc
1368 2658 1434 2696 P:
1465 2673 1491 2697 o
1512 2659 1581 2698 ωδ
1687 2674 1768 2711 549

115 2709 194 2749 hoc
212 2709 277 2748 P:
306 2716 348 2749 et
366 2710 436 2750 ωδ
570 2712 697 2749 effata
715 2710 758 2748 P
864 2712 943 2750 hoc
964 2712 1089 2761 longa
1108 2711 1173 2750 P:
1203 2713 1415 2762 longaque
1435 2713 1504 2753 ωδ
1621 2725 1701 2764 554
1724 2723 1766 2755 et

113 2770 264 2814 sponte
281 2763 323 2802 P
484 2777 564 2815 559
594 2778 714 2804 coma
733 2764 788 2803 Pl
811 2766 1035 2818 (suprascr.
1058 2766 1112 2806 al.
1136 2780 1193 2806 m.
1218 2770 1395 2820 corone)
