1884 3204
40 1698 44 1702 Α
124 1662 265 1711 fonte
299 1663 463 1711 lavare
497 1663 641 1723 feror,
680 1662 889 1727 stipatus
925 1663 1166 1714 caedibus
1201 1673 1331 1714 artas

123 63 176 113 P.
211 57 460 114 'PAPINI
496 64 702 115 STATI

119 212 374 254 auctorem
411 205 735 268 dextramque
769 204 980 269 premit:
1028 206 1163 257 stetit
1198 208 1381 259 arduus
1417 205 1519 259 alto

122 300 283 346 amne,
322 302 574 349 manuque
608 302 760 350 genas
795 295 846 336 et
880 303 1006 337 nexa
1040 287 1312 339 virentibus
1348 289 1473 340 ulvis
1800 338 1803 347 ,,
1875 341 1877 347 χ

123 381 309 415 cornua
343 365 634 416 concutiens
671 367 742 416 sic
777 366 1004 419 turbidus
1040 385 1126 419 ore
1161 371 1412 434 profundo
1704 391 1801 433 4²
1876 409 1877 414 ,

120 444 324 510 incipit:
381 448 397 471 ‘
417 447 639 495 Huncne
674 446 810 508 mihi,
849 464 1082 512 superum
1117 458 1357 512 regnator,
1394 452 1656 514 honorem,
1876 446 1877 454 ’

123 527 260 590 quod
296 525 478 576 totiens
514 528 797 592 hospesque
832 528 930 578 tuis
965 538 1015 579 et
1051 529 1282 579 conscius
1316 529 1441 580 actis

123 607 239 668 (nec
274 624 549 658 memorare
583 607 754 675 timor)
789 611 912 659 falsa
946 626 1082 659 nunc
1118 609 1348 674 improba
1382 611 1544 662 fronte

121 704 323 748 cornua,
359 706 495 739 nunc
530 689 734 739 vetitam
769 707 939 740 currus
976 691 1248 756 deiungere
1285 693 1542 753 Phoeben,
1799 752 1804 756 s

122 769 401 834 dotalisque
436 787 581 834 rogos
617 772 929 835 deceptaque
964 771 1173 821 fulmina
1206 772 1310 822 vidi
1705 783 1803 836 42³²
1877 771 1879 774 ¹

120 849 516 914 praecipuosque
550 850 651 899 alui
686 854 959 902 natorum?
1004 868 1070 901 an
1105 851 1215 902 vilis
1252 862 1302 903 et
1336 852 1432 903 illis

120 931 311 996 gratia?
355 933 422 981 ad
457 933 592 980 hunc
627 940 760 981 certe
794 932 946 996 repsit
982 932 1270 997 Tirynthius
1305 950 1525 997 amnem,

121 1013 217 1061 hac
252 1011 343 1061 tibi
379 1013 667 1076 flagrantem
703 1012 963 1063 Bromium
998 1013 1313 1064 restinximus
1347 1017 1499 1065 unda.

121 1091 289 1158 aspice
324 1109 447 1157 quas
484 1093 636 1143 fluvio
672 1094 852 1155 caediS‚
893 1111 1022 1159 quae
1057 1097 1231 1145 funera
1264 1106 1473 1161 portem,
1877 1146 1879 1154 ,

122 1173 390 1225 continuus
427 1173 539 1224 telis
574 1174 774 1240 alioque
807 1177 1075 1241 adopertus
1110 1193 1302 1227 acervo·
1472 1222 1474 1224 .
1878 1179 1881 1216 s

123 1272 274 1306 omne
309 1257 493 1305 vadum
528 1255 647 1305 belli
683 1256 832 1307 series
867 1266 1018 1319 tenet,
1057 1257 1221 1308 omnis
1255 1260 1457 1309 anhelat
1877 1255 1880 1267 '

120 1337 258 1386 unda
292 1337 450 1397 nefas,
483 1336 753 1400 subterque
787 1337 984 1388 animae
1019 1355 1266 1403 supraque
1301 1348 1525 1391 recentes

123 1425 285 1467 errant
320 1426 370 1467 et
404 1417 627 1481 geminas
663 1417 874 1483 iungunt
909 1418 1118 1484 caligine
1153 1419 1297 1485 ripas.

123 1498 207 1549 ille
243 1515 335 1563 ego
372 1501 612 1548 clamatus
649 1499 798 1549 sacris
834 1499 1106 1550 ululatibus
1141 1501 1317 1563 amniS,
1877 1556 1879 1563 Α

124 1579 210 1644 qui
244 1579 407 1629 mollis
444 1581 636 1644 thyrsos
674 1582 1003 1646 Baccheaque
1038 1599 1226 1632 cornua
1260 1598 1386 1647 puro
1710 1598 1809 1646 43³
1877 1638 1880 1655 Ι

122 1742 176 1791 in
210 1744 334 1792 freta
369 1759 555 1806 quaero
590 1742 729 1805 vias3
774 1759 879 1793 non
915 1746 1205 1809 Strymonos
1241 1745 1395 1810 impia
1429 1754 1569 1796 tanto

123 1832 298 1887 stagna
332 1839 506 1872 cruore
541 1832 729 1884 natant,
766 1841 872 1874 non
907 1825 1147 1890 spumifer
1180 1826 1327 1876 altius
1365 1828 1570 1878 Hebrus

125 1904 344 1955 Gradivo
379 1905 596 1954 bellante
632 1905 790 1954 rubet.
862 1923 958 1955 nec
993 1915 1042 1956 te
1077 1908 1316 1957 admonet
1350 1907 1493 1958 altrix
1876 1963 1879 1981 ἰ

123 1987 260 2036 unda
293 1994 504 2050 tuasque
540 2002 731 2046 manus,
769 1985 869 2035 iam
903 1986 1098 2052 pridem
1136 1988 1291 2038 oblite
1325 1998 1587 2053 parentum

123 2067 310 2117 Liber?
355 2084 421 2116 an
458 2069 595 2117 Eous
631 2067 808 2117 melius
843 2078 1048 2132 pacatur
1085 2071 1392 2135 Hydaspes?
1800 2071 1802 2073 ’
1876 2063 1878 2066 ’

124 2157 174 2198 at
209 2157 281 2210 tu,
316 2148 402 2212 qui
437 2147 659 2197 tumidus
695 2148 864 2213 spoliis
901 2158 950 2199 et
986 2150 1226 2215 sanguine
1260 2153 1449 2216 gaudes
1475 2144 1477 2146 ¹

124 2230 334 2280 insontis
370 2229 524 2294 pueri,
564 2246 667 2279 non
702 2231 801 2280 hoc
835 2247 896 2280 ex
930 2248 1078 2281 amne
1113 2241 1374 2297 potentem

125 2312 355 2362 Inachon
389 2319 475 2360 aut
511 2327 681 2360 saevas
717 2310 875 2361 victor
908 2314 1143 2363 revehere
1180 2315 1441 2377 MycenaS,
1875 2359 1877 2380 Ξ

125 2391 177 2442 ni
211 2391 430 2442 mortalis
468 2408 560 2455 ego
595 2401 645 2441 et
680 2391 772 2441 tibi
807 2394 985 2443 ductus
1021 2395 1087 2444 ab
1121 2396 1321 2445 aethere
1356 2394 1585 2460 sanguis.'
1710 2414 1766 2458 44
1845 2392 1877 2412 ’³

192 2473 275 2523 Sic
310 2473 379 2522 ait
414 2473 702 2523 infrendens
738 2482 788 2523 et
824 2483 1003 2539 sponte
1038 2475 1316 2526 furentibus
1353 2476 1502 2527 undis
1794 2479 1799 2483 ”

179 2602 259 2652 418
288 2602 567 2653 dextramque
589 2600 814 2653 (suprascr.
837 2604 1007 2657 dextra)
1023 2603 1095 2644 D:
1125 2605 1360 2656 dextraque
1379 2605 1442 2645 Α2
1587 2618 1668 2659 419
1693 2604 1805 2662 ulvis
1858 2657 1860 2660 ι

125 2671 175 2697 ex
191 2657 303 2696 ulnis
323 2670 423 2696 corr.
445 2656 509 2696 P:
541 2656 664 2695 ulmis
682 2656 816 2707 DQN
985 2671 1066 2708 422
1095 2660 1178 2699 tuis
1195 2673 1246 2699 ex
1262 2666 1360 2700 tuus
1377 2673 1475 2700 corr.
1498 2660 1548 2700 N
1715 2672 1810 2710 424

126 2711 358 2762 deiungere
376 2710 420 2749 P
436 2725 446 2751 ε
479 2711 730 2760 disiungere
743 2711 814 2751 ms
1001 2726 1083 2764 429
1111 2719 1279 2764 portem
1301 2714 1366 2767 (-o
1380 2721 1471 2767 sup.
1490 2728 1576 2755 —em
1588 2714 1708 2767 add.)
1722 2713 1768 2755 D
1782 2720 1807 2755 2
1873 2718 1876 2767 ξ

123 2771 249 2816 porto
268 2765 311 2805 A
318 2765 331 2788 ¹
441 2778 522 2816 43ο
548 2766 715 2816 alioque
738 2765 804 2806 P:
839 2767 1010 2818 altoque
1029 2767 1099 2807 wS
1204 2781 1284 2819 432
1312 2781 1527 2820 superque
1545 2768 1606 2808 Pl
1715 2781 1741 2819 4
1764 2787 1799 2813 κ,

125 2820 409 2870 bracchiaque
428 2819 495 2860 P:
524 2820 810 2871 braccheaque
831 2820 871 2871 Q
1015 2824 1096 2873 436
1124 2821 1254 2862 libare
1273 2822 1328 2861 Pl
1462 2836 1543 2874 440
1571 2823 1732 2864 dudum
1774 2839 1779 2844 ’

128 2886 205 2924 441
222 2874 327 2925 sort.
352 2875 582 2914 bacchatur
745 2888 826 2925 442
854 2875 925 2926 qui
944 2888 1028 2918 om.
1053 2874 1128 2927 Nl,
1147 2876 1244 2917 add.
1264 2883 1357 2930 sup.
1376 2877 1449 2918 lin.
1470 2877 1537 2918 Ν2
1872 2881 1876 2891 '
