1884 3204
0 2509 18 2546 ⁵*
6 2455 25 2485 ηε
0 2432 9 2437 ’·
0 2404 24 2423 υ
0 2286 23 2366 wat-²·

947 113 1430 163 ACHILLEIDOS
1469 110 1683 160 LIBER
1721 112 1774 159 11

221 257 384 314 sudor,
423 253 688 318 Apollineo
723 269 872 315 quam
910 253 991 299 fila
1025 251 1251 300 sonantia
1286 252 1472 314 plectro

222 353 337 387 cum
373 344 626 399 quaterem
662 333 948 397 priscosque
983 332 1140 380 virum
1178 332 1375 380 mirarer
1409 334 1635 381 honoreS.

120 438 201 477 445
222 416 343 480 quin
377 416 525 465 etiam
561 431 706 463 sucos
740 423 890 477 atque
923 412 1206 462 auxiliantia
1241 412 1426 461 morbis

217 497 451 561 gramina,
489 512 590 560 quo
625 494 806 543 nimius
841 503 988 542 staret
1023 493 1352 542 medicamine
1387 492 1598 556 sanguis,
1696 499 1774 540 160

219 577 341 640 quid
375 576 521 626 faciat
555 591 771 634 somnos,
811 573 932 637 quid
967 573 1154 622 hiantia
1189 575 1390 621 vulnera
1424 574 1634 631 claudat,

218 675 346 721 quae
381 659 507 711 ferro
542 655 826 705 cohibenda
860 657 979 715 lues,
1020 671 1148 718 quae
1183 656 1382 703 cederet
1416 654 1595 714 herbis,

218 737 418 788 edocuit
454 736 771 799 monitusque
808 753 973 785 sacrae
1009 736 1101 784 sub
1136 745 1336 799 pectore
1372 734 1475 783 fixit

114 839 196 879 450
218 818 442 878 iustitiae,
481 835 579 880 qua
616 817 821 866 Peliacis
857 819 974 866 dare
1009 817 1114 865 iura
1149 818 1363 866 verenda

213 899 444 962 gentibus
478 908 628 962 atque
663 915 779 947 suos
816 898 1198 961 solitus'pacare
1233 896 1468 946 biformis.
1693 904 1768 955 165

215 983 454 1030 hactenus
488 997 746 1040 annorum,
785 979 1009 1040 comites,
1045 981 1289 1028 elementa
1324 995 1547 1027 meorum

215 1072 264 1111 et
299 1060 504 1110 memini
538 1070 587 1110 et
623 1060 906 1110 meminisse
941 1060 1103 1109 iuvat:
1145 1059 1235 1109 scit
1271 1069 1432 1108 cetera
1469 1061 1652 1108 mater.’

171 1213 246 1260 165
275 1211 422 1250 solitos
442 1210 484 1248 P
591 1223 743 1260 pacare
762 1210 832 1248 Εω
852 1225 861 1249 z
891 1168 1042 1260 placare
1062 1210 1104 1247 P
1268 1211 1342 1258 167
1364 1213 1460 1259 post
1476 1209 1587 1247 hunc
1604 1222 1770 1248 versum

111 1267 301 1315 sequitur
315 1266 359 1303 in
379 1266 420 1304 E
441 1264 517 1316 (m.
541 1278 613 1305 rec.
635 1278 735 1304 saec.
757 1279 813 1305 xv
834 1265 950 1316 add.)
973 1263 1085 1304 codd.
1109 1263 1199 1304 dett.
1233 1263 1351 1303 Aura
1369 1263 1481 1314 silet,
1506 1263 1659 1313 puppis
1679 1275 1770 1301 cur-

114 1332 212 1359 rens
230 1320 284 1359 ad
305 1319 429 1358 litora
449 1319 566 1358 venit
