1884 3204
993 51 1406 100 THEBAIDOS
1443 52 1659 99 LIBER
1696 53 1777 100 1V5

119 189 261 241 huius
295 186 585 251 Apollineae
621 202 815 235 currum
850 185 1148 234 comitantur
1182 188 1433 248 Amyclae,

79 285 242 339 ¹‘quos
278 269 423 328 Pylos
458 275 507 315 et
541 265 705 314 dubiis
744 266 910 313 Malea
944 265 1094 313 vitata
1129 265 1306 314 carinis

117 347 466 415 plaudentique
501 345 688 395 habiles
724 347 910 408 Caryae
944 362 1171 394 resonare
1208 345 1413 404 Dianae,
1690 366 1738 394 22
1746 365 1767 405 5

117 444 240 493 quos
276 425 444 475 Pharis
479 427 832 488 volucrumque
868 442 1044 488 parens
1082 425 1344 488 Cythereia
1381 427 1564 484 Messe,

116 496 417 571 Taygetique
449 507 665 570 phalanx
700 514 748 554 et
784 506 998 554 oloriferi
1036 508 1250 554 Eurotae

70 635 75 640 ,
115 589 237 640 dura
275 602 462 634 manus.
536 587 660 634 deus
694 585 800 649 ipse
835 585 965 634 viros
1001 585 1052 633 in
1088 588 1287 648 pulvere
1323 587 1478 635 crudo

71 669 264 734 4Arcas
298 665 383 714 alit
416 667 678 729 nudaeque
713 667 889 715 modos
924 665 1111 714 virtutis
1146 675 1194 714 et
1229 665 1322 714 iras

48 761 72 771 ‘·
114 740 396 803 ingenerat;
441 739 577 803 vigor
610 739 728 789 inde
762 740 939 789 animis
975 749 1023 789 et
1059 740 1229 789 mortis
1265 741 1484 788 honorae
1691 760 1768 800 230

87 875 90 879 ,
113 820 257 868 dulce
292 835 499 868 sacrum.
568 822 784 883 gaudent
819 828 1045 869 natorum
1081 821 1180 868 fata
1214 829 1440 883 parentes

113 901 464 962 hortanturque
499 900 636 959 mori,
674 902 860 949 deflent
894 900 1092 963 iamque
1128 900 1290 950 omnis
1326 901 1576 964 ephebum

111 980 265 1039 turba,
304 989 540 1029 coronato
577 990 809 1030 contenta
844 991 918 1030 est
952 983 1122 1030 funere
1158 991 1325 1030 mater.

48 1045 69 1150 ’ᾗ
110 1061 247 1110 frena
280 1069 450 1110 tenent
485 1062 766 1125 duplexque
800 1062 983 1111 inserto
1019 1062 1203 1111 missile
1239 1064 1390 1122 nodo,

50 1155 66 1243 ξ
110 1140 284 1190 exserti
318 1140 527 1204 ingentis
564 1159 773 1202 umeros,
812 1144 1031 1206 chlamys
1066 1143 1263 1192 horrida
1298 1145 1494 1205 pendet,
1689 1163 1766 1204 235

47 1244 58 1285 ι,
111 1229 158 1269 et
194 1237 324 1270 cono
359 1223 586 1271 Ledaeus
621 1239 758 1286 apex.
833 1240 935 1272 non
970 1223 1022 1271 hi
1057 1222 1147 1271 tibi
1183 1225 1359 1283 solum,

7 1338 10 1349 .
43 1287 62 1349 ἶ
109 1301 422 1364 Amphiarae,
460 1312 681 1351 merent:
728 1312 873 1367 auget
908 1303 1138 1366 resupina
1173 1303 1417 1366 maniplos

47 1406 50 1407 ⁷
113 1381 231 1441 Elis,
270 1383 532 1445 depressae
567 1385 780 1447 populus
815 1383 948 1432 subit
981 1383 1145 1431 incola
1181 1383 1336 1442 Pisae,

110 1461 194 1525 qui
229 1471 290 1522 te,
328 1463 465 1522 flave,
503 1472 674 1512 natant
708 1463 858 1523 terris,
892 1465 1100 1527 Alphee,
1139 1463 1327 1512 Sicanis

107 1544 311 1602 advena,
348 1551 448 1591 tam
486 1544 635 1607 longo
669 1560 772 1593 non
807 1561 1046 1607 umquam
1081 1543 1262 1592 infecte
1297 1545 1559 1607 profundo.
1685 1565 1765 1604 240

109 1623 328 1672 curribus
363 1623 632 1672 innumeris
667 1626 764 1673 late
804 1624 965 1688 putria
998 1641 1112 1673 arva
1147 1626 1394 1673 lacessunt

107 1712 156 1752 et
191 1703 332 1752 bellis
365 1714 587 1753 armenta
620 1706 857 1754 domant:
900 1722 959 1754 ea
991 1705 1145 1769 gloria
1179 1704 1314 1768 genti

106 1783 311 1833 infando
347 1785 410 1832 de
445 1801 582 1833 more
617 1794 666 1834 et
699 1785 864 1834 fractis
900 1787 1043 1834 durat
1077 1786 1142 1834 ab
1178 1802 1335 1848 usque

17 1865 23 1870 ’
105 1863 277 1913 axibus
315 1864 590 1925 Oenomai3
637 1865 843 1914 strident
877 1865 1157 1930 spumantia
1192 1882 1358 1914 morsu

105 1943 301 1993 vincula
335 1953 384 1993 et
419 1946 620 1994 effossas
655 1945 826 1995 niveus
861 1945 983 2010 rigat
1017 1946 1175 1995 imber
1210 1947 1430 1995 harenas.
1681 1967 1758 2006 245

172 2027 251 2073 Tu
287 2041 487 2088 quoque
525 2026 801 2075 Parrhasias
837 2025 1004 2089 ignara
1038 2036 1192 2076 matre
1228 2036 1445 2075 catervas

107 2103 185 2167 (al
232 2104 366 2154 rudis
401 2122 662 2166 armorum,
700 2115 892 2154 tantum
927 2123 1057 2154 nova
1090 2106 1242 2169 gloria
1277 2108 1451 2155 suadet
1470 2108 1511 2171 ?)

108 2186 491 2248 Parthenopaee,
528 2185 656 2249 rapis
682 2205 695 2247 3
742 2188 892 2235 saltus
927 2195 1046 2235 tunc
1080 2188 1204 2235 forte
1240 2196 1455 2236 remotos

106 2274 241 2314 torva
276 2282 451 2329 parens
487 2265 671 2331 (neque
707 2267 838 2315 enim
875 2268 998 2316 haec
1033 2267 1198 2316 iuveni
1234 2270 1357 2317 foret
1392 2267 1461 2317 ire
1495 2268 1735 2335 potestas)

157 2404 238 2441 224
257 2405 340 2442 quo
356 2392 404 2431 N
491 2393 626 2434 Helos
637 2393 881 2433 Kohlmann
984 2396 1138 2434 ditatur
1150 2394 1187 2432 L
1203 2394 1263 2434 ad
1275 2395 1391 2436 Theb.
1407 2396 1490 2435 viii.
1503 2398 1584 2446 365
1678 2399 1759 2436 226

54 2484 58 2486 Δ
98 2450 194 2495 post
210 2447 323 2485 hunc
337 2460 441 2488 vers,
460 2447 621 2498 aliquid
635 2448 823 2487 exaudisse
841 2453 965 2499 putat
988 2447 1234 2488 Lachmann
1460 2463 1539 2500 227
1569 2451 1757 2490 oloriferi

102 2499 187 2539 PK
211 2505 250 2539 et
267 2506 337 2550 pr.
365 2514 421 2540 m.
448 2501 514 2551 Q:
570 2502 749 2541 oliviferi
781 2502 823 2540 B
854 2508 891 2541 et
917 2516 989 2541 sec.
1025 2517 1080 2543 m.
1114 2504 1178 2554 Q:
1226 2504 1413 2558 olivifereg
1433 2505 1484 2557 (3)
1516 2504 1589 2544 N:
1636 2506 1755 2544 olivi-

21 2571 24 2575 *
101 2553 261 2604 ferique
274 2554 359 2593 DA
510 2569 586 2605 231
620 2558 673 2595 ad
693 2557 778 2595 fata
795 2556 840 2594 D
853 2562 945 2606 sup.
966 2557 1005 2606 l.,
1022 2558 1073 2608 cf
1094 2558 1148 2598 ix.
1173 2571 1251 2607 724
1400 2572 1480 2609 232
1510 2560 1670 2598 deflent
1689 2559 1756 2598 P:

101 2608 230 2648 deflet
249 2608 319 2648 ωδ
335 2609 382 2660 (n
403 2615 610 2660 suprascr.
629 2611 683 2650 al.
711 2624 768 2650 m.
803 2610 859 2662 Q)
1061 2614 1142 2661 236
1169 2612 1290 2651 hibiti
1312 2613 1390 2664 (-bi
1417 2620 1508 2664 sup.
1528 2614 1559 2652 ti
1578 2613 1695 2664 add.)
1717 2613 1760 2652 P

101 2664 182 2710 238
209 2663 447 2712 deprensae
484 2664 526 2702 P
703 2678 784 2714 240
811 2665 937 2715 longo
978 2679 1189 2716 nunquam
1226 2667 1274 2705 N
1461 2681 1543 2717 244
1559 2668 1757 2707 'stridens

101 2715 144 2754 P
343 2730 423 2767 247
453 2731 662 2757 armorum
693 2719 734 2757 D
754 2719 982 2759 Heinsius:
1015 2734 1220 2761 annorum
1239 2721 1482 2772 PBKNQS
1663 2724 1756 2771 ,248

101 2771 287 2863 tBunchP:
318 2777 405 2810 tum
425 2771 604 2824 BDQN,
630 2773 678 2812 de
695 2773 777 2813 ΚΞ
794 2787 878 2813 non
897 2775 1024 2825 liquet
1185 2788 1266 2825 249
1295 2775 1405 2815 enim
1425 2789 1507 2816 om.
1528 2775 1571 2815 P
1676 2777 1755 2816 hac

140 2830 207 2864 art
