1884 3204
147 129 201 175 P.
241 129 482 176 ΡΑΡΙΝΙ
520 129 726 177 STATI

144 265 422 315 absciderat
455 266 660 330 plenum
696 270 874 332 capulo
908 271 1070 331 latus,
1114 269 1197 318 ille
1231 269 1392 318 dolori

144 357 331 410 pugnat
367 357 416 396 et
451 348 703 412 ingentem
739 349 850 398 nisu
886 350 1166 414 duplicatus
1206 351 1258 398 in
1293 351 1448 400 ictum

145 427 341 487 corruit,
380 429 710 493 extremisque
745 431 940 480 animae
976 431 1271 495 singultibus
1306 448 1471 480 errans
1753 453 1809 493 90

143 510 359 558 alternus
394 527 529 559 nunc
565 527 649 560 ore
683 512 819 561 venit
853 529 987 561 nunc
1022 514 1223 561 vulnere
1257 512 1470 576 sanguis.

144 607 378 640 excussae
413 608 673 654 procerum
710 602 915 654 mentes,
954 594 1248 657 turbataque
1283 602 1506 642 mussant

145 671 390 732 concilia3
435 682 512 721 ast
546 674 684 722 illum
722 674 940 723 coniunx
975 675 1163 738 fidique
1199 685 1426 739 parentes

146 762 424 802 servantem
459 756 623 803 vultus
660 765 708 804 et
744 765 938 804 torvum
974 756 1026 804 in
1062 766 1220 806 morte
1255 766 1466 820 peracta,

143 850 247 882 non
281 835 485 898 longum
521 837 752 885 reducem
791 837 970 897 laetati,
1008 837 1060 885 in
1095 846 1226 886 tecta
1259 839 1496 887 ferebant.
1753 859 1805 899 95

143 917 232 963 sed
268 915 409 964 ducis
444 915 637 965 infandi
672 917 875 966 rabidae
911 934 1015 966 non
1050 920 1290 967 hactenus
1326 919 1426 968 irae

142 1005 269 1044 stare
305 1005 494 1059 queunt
519 1015 532 1058 3
574 1006 706 1045 vetat
740 997 854 1060 igne
889 998 1006 1062 rapi,
1044 1016 1321 1062 pacemque
1356 999 1567 1063 sepulcri

141 1077 325 1140 impius
362 1076 541 1140 ignaris
577 1077 883 1140 nequiquam
919 1079 1150 1128 manibus
1186 1089 1333 1128 arcet.

207 1160 287 1206 Tu
323 1166 491 1206 tamen
528 1158 749 1222 egregius
785 1158 872 1208 fati
908 1160 1189 1223 mentisque
1224 1178 1318 1210 nec
1353 1178 1591 1225 umquam

142 1239 233 1304 (sic
269 1239 476 1303 dignum
513 1238 609 1305 est)
645 1256 847 1303 passure
884 1240 1047 1301 situm,
1086 1241 1172 1304 qui
1208 1242 1488 1291 comminus
1523 1260 1671 1292 ausus
1730 1263 1809 1293 100

138 1322 317 1369 vadere
353 1329 698 1384 contemptum
733 1338 883 1385 reges,
924 1339 1121 1386 quaque
1155 1325 1322 1387 ampla
1351 1323 1539 1373 veniret

139 1402 351 1462 libertas,
392 1402 581 1451 sancire
615 1402 776 1452 viam:
826 1420 926 1467 quo
963 1402 1191 1454 carmine⁴
1217 1405 1433 1469 dignam,

142 1501 243 1547 quo
279 1483 395 1532 satis
432 1501 516 1533 ore
554 1483 650 1532 tuis
686 1486 870 1533 famam
906 1485 1167 1535 virtutibus
1202 1488 1400 1546 addam,

137 1581 292 1628 augur
326 1574 489 1614 amate
526 1565 669 1614 deis?
715 1583 818 1615 non
855 1576 903 1616 te
939 1567 1169 1616 caelestia
1203 1569 1380 1617 frustra

137 1646 339 1695 edocuit
373 1648 612 1710 lauroque
648 1664 736 1696 sua
771 1647 1000 1711 dignatus
1037 1651 1220 1712 Apollo
1256 1659 1343 1710 est,
1730 1671 1805 1711 105

138 1736 187 1775 et
222 1744 484 1776 nemorum
522 1730 742 1778 Dodona
776 1745 953 1792 parens
991 1729 1324 1794 Cirrhaeaque
1361 1730 1496 1793 virgo

136 1808 342 1858 audebit
377 1809 528 1857 tacito
564 1812 777 1873 populos
813 1812 1116 1874 suspendere
1151 1812 1374 1861 Phoebo.

137 1907 272 1939 nunc
308 1907 509 1954 quoque
545 1893 782 1941 Tartareo
819 1894 1031 1941 multum
1067 1892 1252 1942 divisus
1288 1895 1490 1942 Averno

138 1971 341 2035 Elysias,
381 1970 410 2032 i,
449 1989 595 2035 carpe
631 1975 811 2037 plagas,
850 1973 938 2022 ubi
974 1973 1203 2023 manibus
1239 1974 1341 2023 axis

136 2053 295 2102 invius
333 2052 534 2117 Ogygiis
570 2071 663 2103 nec
700 2055 855 2104 sontis
891 2055 1062 2119 iniqua
1095 2055 1289 2118 tyranni
1728 2077 1805 2106 110

135 2135 267 2184 iussa
302 2137 467 2184 valent
492 2153 505 2196 3
558 2137 738 2185 durant
773 2136 971 2186 habitus
1008 2146 1057 2187 et
1093 2138 1317 2186 membra
1351 2137 1566 2186 cruentis

134 2216 368 2265 inviolata
402 2215 533 2278 feris,
569 2219 808 2281 nudoque
844 2219 937 2267 sub
972 2235 1062 2268 axe
1097 2218 1341 2268 iacentem

136 2307 186 2347 et
220 2315 396 2347 nemus
433 2307 483 2348 et
517 2298 665 2348 tristis
702 2302 958 2349 volucrum
996 2300 1267 2349 reverentia
1301 2309 1473 2350 servat.

202 2380 271 2427 At
306 2387 490 2442 nuptae
526 2379 776 2430 exanimes
812 2380 1053 2444 puerique
1088 2380 1320 2445 aegrique
1355 2390 1583 2446 parentes
1819 2445 1821 2447 v

136 2459 399 2509 moenibus
435 2459 577 2510 effusi
611 2477 699 2525 per
733 2463 894 2526 plana,
933 2479 1020 2526 per
1053 2462 1178 2523 avia,
1214 2461 1399 2526 passim
1725 2483 1800 2525 1¹5

190 2589 245 2626 88
274 2589 514 2629 absciderat
542 2590 606 2629 P:
635 2590 868 2629 abstulerat
897 2595 979 2630 cett.
1144 2604 1201 2640 90
1229 2591 1393 2630 horruit
1421 2591 1465 2629 D
1591 2605 1647 2643 99
1677 2593 1802 2632 meri-

136 2643 274 2693 tisque
306 2644 345 2695 Q
459 2657 537 2684 100
564 2645 623 2684 sic
652 2644 734 2684 ΚΞ
750 2658 759 2683 :
799 2646 835 2683 si
865 2644 977 2695 (†sic
997 2647 1220 2696 suprascr.)
1239 2645 1315 2685 D:
1344 2646 1379 2684 si
1407 2646 1575 2696 PBQN
1670 2654 1736 2686 est
1764 2648 1804 2686 P

136 2711 221 2737 om.
243 2698 313 2737 ωδ
458 2712 531 2738 101
564 2705 852 2750 contemptum
875 2707 1000 2749 reges
1028 2699 1090 2738 D1
1118 2698 1347 2739 Heinsius:
1378 2706 1666 2751 contemptum
1689 2702 1802 2752 regis

134 2752 403 2803 ΡΒΚΝῼΖ)2
423 2767 433 2792 :
461 2759 708 2804 contemptu
730 2753 842 2803 regis
862 2753 1121 2805 Peyraredus
1327 2766 1403 2805 105
1425 2760 1525 2806 post
1540 2756 1654 2794 hunc
1668 2770 1706 2796 v.
1726 2757 1801 2796 ali·

136 2807 240 2857 quid
255 2808 443 2846 excidz'sse
452 2813 580 2858 putat
601 2808 743 2857 Jortz'n
827 2807 985 2859 Apollo
1007 2815 1073 2847 est
1100 2809 1152 2847 al.
1179 2823 1237 2848 rn.
1259 2810 1301 2847 in
1323 2823 1405 2848 ras.
1426 2810 1474 2848 N
1593 2823 1667 2860 107
1697 2824 1799 2860 gau-

136 2861 253 2900 debit
287 2860 519 2901 Markland
789 2876 861 2902 111
895 2863 1048 2902 durent
1076 2863 1120 2902 D
1151 2864 1319 2902 Barth:
1362 2865 1602 2914 durantque
1630 2864 1806 2904 Mueller

139 2928 218 2965 113
246 2922 388 2955 servet
418 2917 460 2954 D
480 2918 618 2956 Barth
774 2930 849 2967 114
878 2915 920 2956 at
941 2919 1040 2968 (†in
1060 2920 1290 2969 suprascr.)
1311 2924 1471 2968 nuptae
1501 2919 1567 2969 Q:
1595 2919 1799 2969 innuptae

138 2971 258 3064 (ειὲζὲ)
280 2971 323 3010 in
344 2972 573 3023 suprascr.)
604 2972 652 3010 N
761 2984 836 3022 115
865 2973 960 3011 avia
971 2972 1139 3023 PDNQ
1152 2972 1328 3025 (†devia
1348 2979 1554 3025 suprascr.
1568 2972 1616 3012 N
1616 2983 1660 3024 ):
1689 2975 1799 3014 invia
