1884 3204
109 6 164 56 P.
202 5 446 56 ΡΑΡΙΝΙ
484 6 690 56 STATI

107 141 322 192 vidimus
357 152 614 207 urgentem
649 143 811 205 nubis,
847 142 1063 208 laetique
1097 143 1370 209 benignum
1697 142 1786 191 220⁷
1822 211 1824 213 ‚

107 224 298 273 fulmen
333 233 383 273 et
416 223 613 273 auditos
648 224 841 288 proavis
874 224 1166 289 agnovimus
1200 225 1341 289 ignis.

107 304 279 368 accipe
314 322 449 354 nunc
483 307 701 368 pecudes
737 314 787 355 et
820 305 987 370 magni
1021 306 1141 355 turis
1175 321 1376 355 acervos

110 385 433 449 votivumque
469 403 686 448 marem,
732 386 906 451 dignas
942 389 1031 437 sed
1065 388 1284 451 pendere
1318 384 1465 450 gratis

111 467 247 516 haud
282 469 489 516 mortale
524 484 650 531 opus
685 477 793 530 est;
839 477 1028 518 certent
1062 468 1153 517 tibi
1186 469 1393 517 reddere
1429 467 1657 516 Bacchus

111 556 279 596 noster
313 556 363 596 et
397 547 614 609 Alcides,
653 548 748 598 illis
783 551 908 598 haec
936 542 1141 599 moenia
1177 550 1372 598 servas.'
1695 566 1773 607 225

112 629 329 681 dixerat:
376 639 452 679 ast
486 630 557 678 illi
591 630 728 694 niger
763 630 888 694 ignis
924 631 976 679 in
1011 648 1097 680 ora
1131 648 1384 695 genasque

109 710 336 775 prosiluit
370 720 666 774 raptumque
699 711 856 761 comis
891 712 1124 761 diadema
1157 712 1404 762 cremavit.

110 799 232 840 tunc
266 793 396 841 ferus
431 801 546 841 ante
581 792 735 840 ictum
771 792 959 856 spumis
994 793 1201 842 delubra
1235 801 1460 842 cruentat

91 880 280 921 taurus
316 882 365 921 et
400 873 687 922 obstantum
723 872 901 922 mediis
936 889 964 922 e
999 872 1225 922 coetibus
1260 872 1359 922 exit

113 953 341 1002 turbidus
377 952 653 1016 insanoque
688 955 849 1002 ferens
884 953 1054 1002 altaria
1087 970 1256 1003 cornu.
1700 973 1780 1013 230
1824 983 1828 986 ·

113 1033 378 1098 diffugiunt
412 1034 584 1083 famuli
620 1044 669 1084 et
703 1052 869 1099 regem
905 1037 1090 1084 solatur
1124 1037 1382 1099 haruspex.
1839 1026 1842 1027 ⁷

112 1115 219 1179 ipse
253 1114 512 1164 instaurari
545 1133 739 1165 sacrum
774 1119 904 1166 male
937 1115 1074 1179 fortis
1108 1116 1287 1180 agique

114 1196 336 1261 imperat,
375 1206 424 1246 et
460 1214 666 1261 magnos
702 1199 820 1247 ficto
855 1197 1033 1262 premit
1068 1215 1153 1247 ore
1187 1197 1421 1247 timores:

113 1278 273 1342 qualis
308 1277 395 1327 ubi
429 1278 725 1342 implicitum
759 1279 1046 1343 Tirynthius
1081 1278 1276 1329 ossibus
1310 1278 1477 1343 ignem

114 1359 268 1410 sensit
302 1369 351 1409 et
388 1361 601 1410 Oetaeas
636 1361 872 1410 membris
906 1363 1144 1410 accedere
1178 1360 1344 1423 vestis,
1703 1379 1777 1420 235
1853 1407 1855 1411 Α

113 1450 229 1491 vota
263 1441 463 1505 incepta
496 1451 664 1490 tamen
698 1441 950 1506 libataque
984 1452 1092 1491 tura
1126 1442 1314 1492 ferebat

115 1527 267 1575 durus
302 1526 469 1574 adhuc
504 1524 796 1588 patiensque
832 1524 981 1586 mali;
1026 1541 1145 1574 mox
1178 1526 1363 1589 grande
1398 1533 1600 1575 coactus

115 1605 369 1671 ingemuit,
406 1605 662 1669 victorque
695 1605 810 1655 furit
845 1622 932 1669 per
965 1605 1152 1655 viscera
1187 1608 1391 1657 Nessus

183 1688 402 1737 Nuntius
437 1687 653 1738 exanimi
687 1705 955 1751 suspensus
996 1698 1198 1752 pectora
1231 1705 1378 1738 cursu

114 1772 338 1833 Aepytus
373 1770 438 1818 ad
473 1785 637 1832 regem
673 1778 844 1832 portae
879 1768 1091 1819 statione
1125 1768 1294 1818 relicta
1703 1789 1782 1830 240
1853 1778 1859 1787 ‘

116 1850 276 1900 tendit
312 1860 361 1899 et
395 1852 519 1899 haec
555 1849 749 1913 trepido
783 1849 863 1898 vix
897 1849 1175 1899 intellectus
1216 1839 1446 1901 anhelat:
1743 1863 1745 1865 “

120 1934 350 1995 ‘Rumpe
385 1931 493 1995 pios
530 1933 691 1980 cultus
726 1930 1186 1995 intempestivaque‚
1225 1940 1397 1992 rector,

116 2030 253 2064 sacra
287 2015 473 2063 deum:
519 2014 665 2062 frater
700 2012 850 2061 muris
886 2012 1071 2062 circum
1107 2012 1340 2062 omnibus
1375 2013 1525 2062 instat

116 2104 469 2159 portarumque
506 2111 667 2143 moras
703 2093 851 2143 frenis
886 2095 1092 2143 assultat
1126 2103 1175 2143 et
1211 2093 1363 2143 hastis

117 2176 322 2227 nomine
357 2185 406 2224 te
441 2176 628 2236 crebro,
667 2184 716 2224 te
752 2177 914 2224 solum
949 2174 1000 2223 in
1036 2175 1223 2239 proelia
1256 2178 1500 2239 poscens.’
1704 2195 1785 2238 245·

117 2260 237 2308 flent
272 2257 448 2307 maesti
482 2267 611 2307 retro
647 2256 867 2316 comites,
907 2265 956 2306 et
991 2259 1199 2320 uterque
1232 2257 1456 2320 loquenti

117 2338 337 2404 adgemit
372 2348 421 2388 et
457 2339 612 2403 pulsis
648 2338 889 2388 exercitus
926 2338 1167 2402 obstrepit
1201 2338 1362 2387 armis.

171 2482 250 2508 221
283 2468 554 2518 agnoscimus
581 2467 625 2506 P
795 2481 877 2518 223
908 2468 1087 2507 reddere
1117 2446 1259 2519 grates
1289 2468 1330 2506 A
1512 2482 1594 2521 224
1621 2476 1785 2511 certent
1844 2479 1845 2482 ’

119 2523 347 2575 (suprascr.
381 2525 492 2576 tant)
523 2522 567 2561 P
801 2535 882 2573 225
913 2523 997 2573 illic
1028 2526 1067 2575 (s
1095 2529 1188 2574 sup.
1220 2526 1263 2574 c)
1293 2522 1337 2561 P
1368 2541 1371 2545 ·
1542 2537 1688 2564 servas
1716 2525 1783 2564 P:

118 2591 242 2618 serva
263 2577 333 2617 ωΞ
495 2591 574 2627 227
604 2583 856 2638 captumque
883 2580 1000 2631 (corr.
1023 2591 1073 2617 ex
1087 2591 1181 2629 rap·
1197 2579 1229 2628 3)
1251 2578 1297 2616 D
1435 2590 1518 2627 230
1546 2580 1783 2630 insanoque
1856 2609 1860 2612 »

765 2643 777 2664 1

116 2674 261 2713 ferens
280 2674 388 2713 PB:
418 2674 651 2726 insanosls
679 2674 825 2713 ferens
862 2673 960 2727 (que
981 2687 1085 2715 eraS.
1117 2674 1205 2713 ial.
1230 2673 1307 2724 m.)
1341 2673 1408 2724 Q:
1437 2675 1590 2714 insano
1625 2675 1784 2715 feriens
1851 2673 1855 2675 “

117 2728 285 2767 DKNS
461 2741 541 2778 233
573 2729 765 2779 increpat
797 2729 839 2771 A
1010 2740 1098 2778 235.
1120 2729 1251 2768 sentit
1274 2727 1316 2765 P
1475 2729 1788 2779 accendereP
1865 2773 1869 2783 A

120 2784 203 2832 236
231 2782 320 2822 iura
343 2784 462 2836 (corr.
486 2797 535 2822 ex
554 2783 649 2823 viva
665 2786 698 2836 ἓ)
719 2783 760 2835 Q
924 2785 1113 2834 246-247
1144 2783 1399 2822 adulterinos
1409 2788 1538 2835 putat
1559 2783 1731 2824 Guietus
