1884 3204
152 29 206 78 P.
246 31 489 79 PAPINI
525 31 730 80 STATI

154 169 449 232 Eurydicen,
489 187 792 234 quamquam
828 172 965 221 haud
999 170 1072 220 illi
1108 187 1220 220 mea
1255 187 1370 220 cura
1405 170 1627 234 dolendo

151 250 363 300 cesserit.
436 252 599 301 hocne
634 254 794 302 ferens
831 269 957 301 onus
993 252 1277 302 inlaetabile
1313 252 1481 301 matris
1549 302 1554 308 ,
1845 303 1847 306 ⁴

151 330 491 380 transfundam
528 333 755 396 gremio?
812 351 940 397 quae
976 348 1056 383 me
1091 334 1226 398 prius
1264 333 1364 382 ima
1401 333 1494 381 sub
1532 331 1731 380 umbras
1803 360 1852 395 μ

151 422 338 476 mergat
372 415 621 462 humus?'
663 413 810 463 simul
845 416 969 463 haec
1006 423 1232 478 terraque
1267 422 1316 462 et
1352 412 1590 477 sanguine
1624 413 1814 461 vultum

150 493 351 543 sordida
385 511 678 558 magnorum
713 493 843 544 circa
876 495 1079 559 vestigia
1114 511 1283 558 regum
1730 498 1825 551 636·
1858 540 1859 543 ,

149 573 364 634 vertitur,
403 584 452 623 et
487 574 634 624 tacite
670 575 1002 625 maerentibus
1038 575 1250 639 imputat
1285 575 1458 623 undas.

205 655 284 702 ’Et
318 654 417 703 iam
454 655 659 704 sacrifici
695 656 886 705 subitus
923 673 1011 719 per
1045 665 1176 705 tecta
1212 654 1422 719 Lycurgi

149 734 351 785 nuntius
387 735 613 800 implerat
647 736 860 785 lacrimis
896 735 1161 799 ipsumque
1197 737 1520 799 domumque,

148 815 311 879 ipsum
347 818 699 866 adventantem
736 816 902 865 Persei
935 816 1117 865 vertice
1153 825 1325 865 sancto
1415 854 1417 856 .
1730 821 1816 875 640

150 897 346 956 montis,
386 897 473 946 ubi
507 914 680 946 averso
716 899 921 946 dederat
955 905 1184 960 prosecta
1218 895 1453 956 Tonanti,

147 986 196 1026 et
232 987 381 1041 caput
416 978 549 1027 iratis
584 978 779 1027 rediens
815 978 1081 1041 quassabat
1115 977 1180 1026 ab
1215 976 1350 1026 extis.

148 1057 229 1107 hic
265 1075 373 1108 sese
408 1058 652 1122 Argolicis
687 1059 965 1108 immunem
1003 1066 1163 1108 servat
1197 1058 1262 1107 ab
1297 1057 1444 1106 armis

148 1140 283 1188 haud
318 1140 473 1189 animi
506 1157 704 1201 vacuus,
742 1142 832 1190 sed
867 1142 1054 1203 templa
1087 1156 1299 1202 araeque
1335 1138 1586 1188 tenebant.

147 1223 364 1270 necdum
401 1221 549 1271 etiam
585 1239 822 1286 responsa
856 1223 1007 1271 deum
1044 1220 1364 1284 monitusque
1398 1218 1578 1268 vetusti
1733 1225 1813 1280 645
1866 1283 1867 1287 Ἰ

146 1301 430 1352 exciderant
465 1319 658 1367 voxque
693 1320 753 1352 ex
786 1302 946 1366 adytis
981 1310 1185 1365 accepta
1219 1300 1510 1365 profundis:

152 1383 356 1443 ‘Prima‚
397 1386 636 1448 Lycurge,
672 1383 815 1433 dabis
853 1383 1067 1432 Dircaeo
1103 1384 1276 1431 funera
1310 1382 1475 1431 bello!

146 1462 198 1512 id
235 1474 388 1525 cavet,
427 1474 476 1514 et
510 1474 728 1514 maestus
763 1463 913 1514 vicini
947 1466 1149 1528 pulvere
1186 1462 1361 1511 Martis

146 1545 340 1609 angitur
373 1548 438 1596 ad
473 1546 622 1595 lituos
657 1545 1000 1609 periturusque
1036 1544 1225 1593 invidet
1260 1542 1423 1591 armis.

215 1628 349 1675 Ecce
385 1626 529 1692 (fides
565 1643 798 1690 superum
818 1626 850 1691 l)
886 1628 1070 1674 laceras
1106 1624 1341 1673 comitata
1375 1621 1620 1672 Thoantis
1730 1629 1812 1683 650

145 1706 347 1756 advehit
382 1706 652 1770 exsequias,
691 1715 864 1756 contra
899 1705 1032 1754 subit
1066 1704 1213 1754 obvia
1249 1713 1416 1763 mater,

145 1787 388 1837 femineos
423 1796 595 1837 coetus
631 1786 1013 1851 plangentiaque
1048 1784 1244 1848 agmina
1280 1786 1483 1833 ducens.

145 1878 196 1918 at
230 1886 333 1918 non
370 1867 688 1932 magnanimo
723 1867 879 1930 pietas
915 1866 1090 1930 ignava
1127 1867 1384 1928 Lycurgo:

146 1950 316 2000 fortior
351 1949 432 1999 ille
468 1949 622 2010 malis,
661 1947 988 2011 lacrimasque
1024 1946 1198 1995 insana
1232 1945 1452 1994 resorbet

146 2032 216 2080 ira
250 2030 418 2096 patris,
452 2033 603 2094 longo
638 2029 766 2094 rapit
800 2045 915 2077 arva
949 2026 1192 2076 morantia
1227 2042 1375 2090 passu
1728 2032 1810 2088 655

146 2112 452 2162 vociferans:
505 2115 516 2137 ‘
536 2113 629 2160 Illa
663 2119 831 2159 autem
866 2108 1087 2168 ubinam,
1125 2107 1205 2157 cui
1241 2123 1390 2171 parva
1425 2104 1610 2155 cruoris

146 2196 336 2244 laetave
371 2195 556 2242 damna
591 2192 726 2241 mei?
772 2190 992 2240 vivitne?
1039 2187 1277 2252 impellite
1313 2195 1517 2250 raptam,

146 2278 267 2326 ferte
303 2274 387 2324 citi
422 2273 665 2334 comites;
711 2274 824 2321 faxo
860 2269 1023 2320 omnis
1059 2270 1226 2319 fabula
1263 2267 1441 2317 Lemni

146 2366 195 2406 et
229 2365 369 2421 pater
403 2363 453 2404 et
487 2354 709 2403 tumidae
743 2352 934 2418 generis
971 2349 1234 2400 mendacia
1269 2349 1392 2398 sacri
1876 2405 1884 2418 ε

146 2436 447 2489 exciderint.'
516 2435 636 2497 ibat,
670 2437 926 2498 letumque
961 2433 1139 2481 inferre
1174 2430 1378 2495 parabat
1730 2437 1814 2480 660

200 2570 282 2618 646
311 2566 750 2615 exciderant-voxque
779 2577 835 2602 ex
861 2563 999 2613 adytis
1028 2559 1110 2600 5²:
1142 2572 1267 2609 voxq.
1292 2566 1317 2598 e
1345 2558 1485 2608 adytis
1508 2556 1575 2607 Q:
1602 2568 1681 2596 nec
1699 2559 1814 2610 vox!
1876 2549 1884 2579 Ψ

146 2636 202 2663 ex
220 2623 361 2672 adytis
380 2620 428 2660 N
443 2635 454 2660 ε
487 2632 655 2670 voxque
674 2618 817 2668 adytis
836 2616 974 2656 ΒΚΞ1
993 2630 1002 2655 :
1039 2615 1284 2654 exciderant
1303 2613 1443 2664 adytis
1461 2612 1505 2650 P
1521 2625 1530 2650 :
1568 2611 1813 2662 exciderant
1874 2628 1880 2647 x

1874 2579 1884 2626 1

146 2677 321 2717 Cirrhae
342 2680 442 2715 ante
461 2673 603 2725 adytis
623 2672 874 2735 temptaoam
888 2671 1046 2720 Journ.
1069 2669 1177 2708 Phil.
1198 2668 1296 2708 lviii.
1473 2669 1555 2715 649
1583 2665 1813 2728 periturus-
1874 2631 1884 2736 Ξ

145 2745 227 2782 que
245 2731 295 2782 Q,
319 2730 567 2770 Lachmann
586 2743 596 2768 :
625 2733 904 2780 periturisque
923 2723 1174 2765 PBDKNS
1288 2724 1368 2785 653
1391 2726 1487 2773 post
1502 2722 1582 2770 655
1603 2719 1756 2760 exhubet
1772 2720 1814 2760 Β
1876 2736 1884 2795 Ξ

1874 2809 1884 2862 Ξ

146 2829 228 2878 658
249 2827 330 2867 cito
351 2826 390 2877 Q
553 2826 636 2874 659
665 2791 770 2863 falso
789 2821 855 2861 P:
885 2821 995 2862 sacri
1015 2832 1149 2871 marg.
