1884 3204
110 148 113 149 γ
135 76 190 124 P.
209 107 214 110 «
230 76 473 124 ΡΑΡΙΝΙ
512 76 717 124 STATI

238 206 498 268 praeteriit.
572 205 740 266 didici,
779 222 879 269 quo
917 208 1140 255 Paeones
1175 223 1311 255 arma
1346 214 1524 268 rotatu,

238 303 339 350 quo
376 290 606 336 Macetae
640 304 730 336 sua
763 303 909 350 gaesa
943 287 1110 347 citent,
1148 305 1249 351 quo
1284 288 1480 337 turbine
1515 277 1718 336 contum
1790 329 1796 335 .

239 370 552 417 Sauromates
587 370 866 432 falcemque
901 371 1053 418 Getes
1088 385 1358 431 arcumque
1394 370 1618 437 Gelonus

136 469 221 510 420
240 451 465 499 tenderet
501 460 560 499 et.
586 452 740 499 flexae
778 449 1057 499 Balearicus
1093 459 1231 498 actor
1265 450 1492 498 habenae
1558 487 1562 489 -

238 548 339 594 quo
375 548 614 595 suspensa
649 533 847 580 trahens
881 531 1079 580 libraret
1114 533 1316 580 vulnera
1351 540 1482 580 tortu
1724 549 1797 591 135
1878 512 1884 546 ³

235 611 584 675 inclusumque
619 630 710 661 suo
746 611 1067 675 distingueret
1101 618 1212 660 aera
1246 628 1377 675 gyro.

237 693 317 741 vix
352 711 625 743 memorem
661 703 883 754 cunctos,
922 693 1014 742 etsi
1049 694 1179 742 bene
1213 692 1469 757 gessimus,
1507 701 1661 740 actus.

236 792 371 823 nunc
407 777 556 824 docet
590 775 802 838 ingentis
838 776 964 822 saltu
999 790 1081 822 me
1115 773 1316 837 iungere
1350 775 1520 833 fossas,

134 854 185 914 4'2
195 875 216 914 5
238 872 373 904 nunc
408 865 557 919 caput
591 855 708 904 ae‘rii
743 857 1067 904 scandentem
1102 856 1343 917 prendere
1378 854 1561 903 montis

236 954 337 999 quo
372 937 554 1000 fugitur
589 953 676 1000 per
710 938 859 1000 plana
893 937 1061 999 gradu,
1100 935 1460 998 simulacraque
1491 951 1688 999 pugnae
1721 953 1798 994 140
1878 979 1882 989 ,

236 1017 460 1081 excipere
495 1017 744 1066 immissos
781 1026 974 1066 scutato
1009 1017 1231 1065 umbone
1266 1016 1465 1065 molaris

233 1098 551 1162 ardentisque
587 1116 744 1148 errare
778 1115 916 1147 casas
951 1097 1272 1161 peditemque
1306 1097 1517 1146 volantis

235 1179 405 1229 sistere
441 1180 772 1244 quadriiugos.
845 1178 1067 1239 memini,
1103 1178 1442 1242 rapidissimus
1477 1178 1582 1227 ibat

131 1281 214 1321 430
233 1260 475 1310 imbribus
510 1261 720 1311 assiduis
755 1271 925 1325 pastus
960 1260 1257 1323 nivibusque
1292 1259 1466 1309 solutis

235 1344 510 1405 Spercheos
545 1342 780 1406 vivasque
816 1343 978 1391 trabes
1014 1351 1063 1391 et
1099 1358 1214 1390 saxa
1247 1343 1464 1390 ferebat:
1718 1360 1794 1400 145

233 1440 348 1472 cum
385 1441 466 1472 me
501 1423 583 1472 ille
618 1423 909 1482 immissum,
950 1441 1049 1487 qua
1083 1422 1273 1472 saevior
1305 1422 1521 1486 impetus
1556 1423 1736 1482 undae,

233 1515 360 1554 stare
395 1505 533 1554 iubet
568 1515 741 1554 contra
774 1504 1094 1568 tumidosque
1128 1506 1364 1569 repellere
1399 1506 1592 1564 fluctus,

234 1602 360 1649 quos
395 1586 474 1634 vix
509 1586 615 1650 ipse
650 1588 804 1649 gradu
839 1586 1021 1635 totiens
1058 1587 1288 1635 obstante
1323 1585 1526 1634 tulisset.

132 1686 212 1726 435
234 1667 426 1715 stabam
463 1666 712 1730 equidem,
752 1668 841 1715 sed
875 1684 957 1715 me
992 1667 1233 1715 referebat
1267 1665 1492 1715 concitus
1527 1665 1687 1714 amnis

233 1757 282 1797 et
317 1750 445 1797 latae
481 1747 640 1812 caligo
675 1750 849 1811 fugae:
890 1750 1019 1796 ferus
1055 1747 1138 1796 ille
1173 1747 1348 1796 minari
1718 1766 1797 1806 150

234 1832 447 1893 desuper
481 1829 779 1879 incumbens
813 1828 1075 1891 verbisque
1110 1846 1281 1892 urgere
1314 1830 1573 1891 pudorem.

233 1928 326 1960 nec
362 1910 457 1959 nisi
493 1910 654 1959 iussus
689 1910 802 1960 abi:
845 1910 928 1982 sic&
951 1928 1032 1959 me
1068 1909 1293 1958 sublimis
1327 1910 1505 1973 agebat

232 1992 398 2055 gloria,
437 2009 531 2042 nec
566 1991 676 2042 duri
711 2001 850 2041 tanto
885 1993 978 2041 sub
1013 2002 1138 2041 teste
1173 1992 1381 2040 labores.

131 2095 215 2134 440
235 2091 351 2122 nam
387 2075 559 2137 procul
596 2074 833 2123 Oebalios
870 2073 920 2122 in
956 2074 1128 2123 nubila
1162 2075 1379 2123 condere
1414 2072 1578 2122 discos

233 2166 283 2204 et
317 2154 558 2218 liquidam
595 2157 782 2205 nodare
817 2158 963 2220 palen
1001 2166 1049 2204 et
1085 2172 1310 2219 spargere
1344 2164 1553 2214 caestus,
1608 2176 1611 2178 ·
1718 2175 1796 2215 155

234 2238 381 2285 ludus
417 2246 519 2286 erat
555 2235 850 2300 requiesque
885 2237 1037 2298 mihi;
1079 2254 1172 2286 nec
1208 2236 1363 2285 maior
1397 2235 1449 2284 in
1484 2235 1589 2284 istis

190 2379 263 2416 131
297 2364 501 2416 praeterit
534 2370 579 2403 et
612 2364 652 2415 Q
789 2378 962 2404 meones
985 2366 1023 2416 Q
1219 2376 1296 2414 135
1325 2370 1460 2403 tractu
1488 2362 1532 2402 E
1722 2367 1798 2416 136
1851 2397 1853 2400 .

132 2422 425 2470 inclusumque
444 2432 523 2459 suo
542 2419 585 2457 P
603 2434 613 2459 t
642 2419 852 2458 inclusum
873 2422 1068 2470 quotiens
1087 2418 1158 2457 Em
1253 2419 1536 2470 distingueret
1553 2418 1597 2457 P
1613 2432 1623 2458 τ
1653 2420 1799 2459 distin—

132 2481 256 2526 geret
274 2474 315 2514 E
346 2480 379 2526 (t
398 2475 549 2525 finalis
579 2487 663 2512 non
693 2475 1030 2526 Langobardicae
1056 2474 1131 2513 sed
1159 2474 1377 2513 Carolinae
1391 2472 1612 2524 formae):
1643 2475 1798 2523 discin—

132 2537 256 2580 geret
282 2545 314 2568 ω
446 2541 519 2578 137
550 2528 659 2568 bene
678 2529 745 2568 P:
775 2530 903 2568 modo
921 2529 989 2567 Εω
1130 2530 1206 2578 138
1234 2529 1431 2578 ingentes
1451 2528 1519 2568 P:
1545 2528 1709 2578 ingenti
1729 2530 1799 2569 Εω

137 2598 210 2635 141
235 2589 401 2624 scutato
414 2584 456 2621 P
473 2597 482 2621 ε
513 2589 686 2623 curvato
702 2584 774 2623 Εω
869 2597 944 2632 142
967 2596 1113 2622 errare
1126 2582 1190 2622 P:
1218 2583 1377 2622 intrare
1396 2583 1464 2620 Εω
1565 2594 1642 2632 145
1661 2584 1798 2623 vivas-

134 2654 216 2689 que
230 2640 296 2678 P:
324 2639 554 2687 vulsasque
574 2638 644 2676 Εω
787 2650 862 2688 147
883 2638 1108 2688 midosque
1127 2637 1169 2676 E
1335 2650 1412 2687 149
1440 2637 1517 2676 sed
1537 2636 1606 2677 P:
1636 2651 1712 2678 nec
1732 2638 1799 2678 Εω

133 2706 170 2726 re
190 2736 355 2774 ferebat
374 2735 441 2775 P:
487 2734 652 2774 ferebat
673 2733 715 2773 E
884 2747 963 2784 150
991 2735 1116 2784 fugae
1137 2734 1202 2774 P:
1230 2734 1325 2773 viae
1344 2732 1430 2772 El<
1599 2733 1652 2772 In
1673 2734 1713 2785 Q
1732 2748 1795 2775 vv.

137 2803 216 2839 150
236 2790 437 2839 adfinem
458 2787 608 2828 desunt
622 2804 637 2830 .·
666 2789 941 2841 suppeditavit
958 2803 1028 2830 rec.
1054 2804 1111 2829 m.
1140 2789 1253 2841 (=q)
1384 2801 1461 2838 154
1482 2788 1563 2826 iam
1584 2801 1611 2837 q
1724 2800 1800 2839 155

135 2899 159 2924 e
180 2885 380 2935 liquidam
399 2885 441 2924 P
547 2887 707 2925 nodare
726 2884 773 2924 P
788 2884 1022 2926 Gronovius
1042 2900 1051 2925 :
1081 2886 1241 2925 nudare
1257 2884 1325 2924 Εω
1450 2885 1527 2934 156
1555 2848 1640 2933 illis
1653 2883 1695 2922 P
