1884 3204
152 83 207 131 P„
244 82 488 133 PAPINI
523 84 731 134 STATI

150 224 262 273 faxo
297 224 434 274 haud
469 224 531 274 sit
567 223 759 274 cunctis
793 222 949 274 levior
983 233 1143 274 metus
1179 231 1284 273 atra
1318 234 1518 273 movere

150 306 355 355 Tartara
381 304 640 356 ‘frondenti
675 322 826 369 quarn
861 305 1063 370 iungere
1099 305 1274 356 Pelion
1311 305 1523 355 Ossae?

149 385 368 448 dixerat3
413 396 564 450 atque
599 386 669 435 illi
704 386 1000 437 iamdudum
1036 386 1168 451 regia
1202 384 1350 434 tristis

149 467 364 517 attremit
399 467 572 528 oranti,
612 484 800 532 suaque
837 477 886 517 et
922 484 1051 532 quae
1087 469 1306 531 desuper
1342 473 1480 529 urget

154 549 365 599 nutabat
401 551 579 599 tellus:
627 566 730 598 non
766 548 939 599 fortius
974 550 1176 598 aethera
1208 549 1347 596 vultu

150 638 348 694 torquet
382 640 432 679 et
467 629 714 680 astriferos
750 629 956 695 inclinat
992 628 1217 693 Iuppiter
1250 627 1366 677 axis.

199 714 318 760 .‘At
354 711 443 760 tibi
480 713 633 775 quos'
669 711 831 775 inquit
869 715 880 737 ‘
901 710 1083 771 Manis,
1121 710 1207 774 qui
1241 708 1397 758 limite
1432 723 1670 772 praeceps

150 809 253 842 non
288 792 425 842 licito
460 809 547 857 per
581 791 728 841 inane
764 791 901 840 ruis?
919 793 930 814 '
978 791 1112 841 subit
1145 791 1228 841 ille
1263 790 1535 839 minantem

149 873 248 922 iam
285 873 448 922 tenuis
486 873 607 933 visu,
647 872 746 921 iam
782 872 1165 922 vanescentibus
1201 871 1364 932 armis,

149 954 248 1003 iarn
284 956 468 1018 pedes:
516 953 759 1003 exstincto
794 962 964 1002 tamen
998 952 1316 1018 indecerptus
1351 953 1403 1002 in
1439 969 1524 1004 ore

148 1034 339 1098 augurii
373 1036 605 1099 perdurat
640 1036 819 1096 honOS,
854 1035 1166 1098 obscuraque
1200 1034 1349 1084 fronti

148 1115 269 1165 vitta
305 1125 487 1176 manet,
525 1132 819 1180 ramumque
854 1124 990 1165 tenet
1027 1115 1281 1165 morientis
1318 1116 1490 1166 olivae.

153 1197 231 1247 ‘Si
267 1197 382 1247 licet
417 1207 465 1247 et
501 1196 684 1246 sanctis
720 1197 802 1246 hic
838 1214 924 1246 ora
958 1199 1203 1247 resolvere
1237 1199 1311 1247 fas
1348 1207 1423 1248 est

151 1278 403 1339 ManibuS‚
442 1296 473 1328 o
509 1277 701 1328 cunctis
738 1278 903 1328 finitor
938 1278 1152 1329 maxime
1188 1295 1365 1339 rerum,

149 1370 199 1410 at
235 1360 370 1423 mihi,
409 1360 495 1424 qui
531 1361 789 1424 quondam
825 1377 998 1410 causas
1034 1362 1380 1424 elementaque
1416 1377 1604 1421 noram,

151 1451 199 1492 et
236 1446 395 1491 sator!
444 1458 546 1502 oro,
585 1440 744 1490 minas
780 1441 1130 1506 stimulataque
1165 1443 1318 1492 corda
1351 1444 1586 1504 remulce,

151 1540 278 1573 neve
313 1523 383 1572 ira
420 1522 623 1587 dignare
659 1522 917 1572 hominem
954 1531 1003 1572 et
1038 1532 1123 1572 tua
1158 1522 1264 1572 iura
1299 1522 1572 1573 timentem.
1819 1577 1820 1580 Ἴ

151 1622 268 1654 nam
299 1622 394 1654 nec
428 1606 494 1654 ad
532 1607 811 1654 Herculeos
847 1602 1004 1669 (unde
1040 1605 1164 1654 haec
1200 1603 1324 1653 mihi
1353 1614 1555 1669 pectora
1570 1604 1614 1671 ?)
1638 1612 1830 1670 raptus

151 1703 244 1736 nec
274 1689 529 1735 vVenerem
565 1685 804 1735 inlicitam
842 1684 1010 1751 (crede
1045 1684 1122 1734 his
1157 1684 1455 1751 insignibus)
1489 1686 1597 1736 ausi
1768 1697 1833 1750 9⁵1

150 1768 391 1817 intramus
429 1769 654 1816 Lethen:
700 1768 854 1831 fugiat
890 1784 955 1816 ne
990 1765 1138 1816 tristis
1173 1766 1226 1815 in
1260 1775 1457 1816 antrum

153 1848 398 1900 Cerberus
433 1857 519 1897 aut
555 1857 750 1897 nostros
787 1847 960 1897 timeat
996 1846 1293 1911 Proserpina
1326 1865 1510 1898 currus.

150 1946 305 1994 augur
339 1928 618 1994 Apollineis
656 1930 809 1978 modo
845 1927 1196 1979 dilectissimus
1231 1928 1341 1990 aris,

150 2021 303 2061 testor
337 2011 485 2061 inane
522 2012 690 2062 Chaos
728 2009 871 2076 (quid
908 2009 1042 2060 enim
1078 2009 1160 2060 hic
1195 2009 1435 2061 iurandus
1470 2012 1654 2076 Apollo
1670 2010 1726 2077 ?)‚
1834 2067 1836 2070 y

154 2092 360 2142 crimine
395 2110 499 2142 non
535 2094 637 2142 ullo
675 2093 832 2161 subeo
868 2109 999 2141 nova
1033 2093 1146 2152 fata,
1185 2108 1279 2141 nec
1314 2094 1446 2141 alma
1501 2125 1503 2127 -
1746 2096 1821 2142 101‘

155 2175 226 2225 sic
262 2174 420 2224 merui
456 2176 520 2224 de
555 2177 666 2224 luce
701 2171 840 2237 rapi3
887 2173 979 2223 scit
1013 2172 1192 2223 iudicis
1227 2190 1350 2222 urna

155 2256 351 2306 Dictaei
386 2272 659 2319 verumque
694 2264 858 2320 potest
894 2256 1201 2319 deprendere
1239 2254 1423 2304 Minos.

153 2337 379 2401 coniugis
415 2337 606 2386 insidiis
644 2346 693 2386 et
728 2336 901 2400 iniquo
936 2336 1167 2386 venditus
1201 2353 1322 2386 auro
1848 2403 1850 2405 Ι

152 2419 409 2484 Argolicas
444 2418 575 2468 acies
611 2417 771 2484 (unde
805 2420 929 2468 haec
966 2418 1056 2468 tibi
1091 2419 1235 2468 turba
1270 2428 1525 2468 recentum
1747 2427 1845 2481 105'

153 2502 455 2561 umbrarum,
495 2509 544 2550 et
578 2508 776 2549 nostrae
812 2499 1019 2550 veniunt
1054 2517 1255 2564 quoque
1291 2501 1464 2550 funera
1498 2498 1720 2566 dextrae)

146 2600 257 2633 ‚non
293 2583 490 2648 ignarus
526 2581 629 2631 ini:
677 2581 844 2631 subito
880 2598 961 2632 me
997 2581 1194 2631 turbine
1230 2581 1406 2632 mundi

208 2715 370 2763 86-145
399 2713 442 2752 in
478 2711 516 2762 Q
548 2711 602 2751 al.
640 2723 756 2750 man.
788 2711 832 2749 in
861 2710 1128 2763 palimpsesto
1166 2711 1304 2762 scripti
1470 2712 1523 2761 87
1553 2688 1826 2762 indecerptus
1841 2697 1843 2701 ι

154 2766 290 2807 Barth
312 2782 322 2808 z
353 2768 615 2817 interceptus
632 2765 744 2806 codd,
927 2778 983 2816 90
1009 2765 1173 2805 scilicet
1193 2766 1240 2804 N
1452 2778 1506 2818 95
1535 2772 1712 2816 pectora
1730 2765 1799 2805 ωδ
1814 2779 1825 2805 z
1849 2788 1851 2790 ·

156 2822 319 2871 praelia
348 2821 416 2861 P:
447 2835 504 2861 an
524 2821 697 2861 taeniatt
880 2833 933 2870 97
963 2833 1019 2859 ne
1038 2819 1107 2859 P:
1137 2833 1216 2859 nec
1234 2818 1304 2859 ωδ
1498 2833 1576 2860 100
1603 2820 1766 2860 iuratus
1783 2820 1846 2873 Q·

154 2887 235 2925 ‚105
265 2882 495 2916 nocentum
517 2876 758 2926 (recentum
779 2881 984 2927 suprascr.
1009 2874 1095 2915 ead.
1116 2888 1174 2916 m.
1199 2874 1259 2929 Q)
1290 2873 1372 2925 ΩΑ
