1884 3204
160 137 213 184 P.
253 136 494 185 PAPINI
532 137 737 185 STATI

159 291 315 338 aeger,
354 274 496 323 hians
531 274 789 338 victusque
825 273 981 335 cibis;
1027 291 1121 324 nec
1155 273 1254 323 iam
1288 273 1500 337 amplius
1534 272 1634 322 irae

160 357 488 404 crudescunt:
540 363 733 404 tantum
767 354 935 404 vacuis
970 355 1080 403 ferit
1113 358 1227 404 aera
1262 354 1403 403 malis
1456 396 1458 399 .
1742 362 1825 401 680

162 435 430 499 molliaque
465 436 623 485 eiecta
656 437 898 486 delambit
931 438 1111 486 vellera
1145 436 1326 499 lingua.

230 518 322 565 Ille
357 516 506 565 etiam
542 518 743 566 Thebas
779 517 948 581 spoliis
984 527 1033 566 et
1068 517 1307 580 sanguine
1342 519 1518 580 plenus

162 597 280 646 isset
315 606 364 646 et
399 597 621 646 attonitis
657 615 765 647 sese
799 601 1087 662 populoque
1123 598 1341 661 ducique

163 687 458 727 ostentasset
493 696 661 739 ovans,
700 679 752 727 ni
788 689 855 739 tu,
894 679 1120 729 Tritonia
1153 678 1303 742 virgo,

163 761 451 822 flagrantem
487 762 741 822 multaque
777 760 938 824 operis
974 759 1182 822 caligine
1217 762 1422 822 plenum
1747 764 1829 816 685

164 840 373 889 consilio
409 840 611 903 dignata
644 831 836 890 virum:
876 843 1019 890 ‘Sate
1053 850 1202 904 gente
1237 839 1436 903 superbi

166 922 380 980 Oeneos,
419 921 650 970 absentes
686 921 767 969 cui
802 923 995 970 dudum
1030 921 1228 970 vincere
1262 922 1466 970 Thebas

163 1000 443 1060 adnuimus,
482 1001 582 1049 iam
616 1018 750 1064 pone
785 1004 993 1050 modum
1029 1001 1340 1065 nimiumque
1374 1000 1606 1050 secundis

166 1099 312 1145 parce
347 1080 484 1130 deis:
538 1081 656 1130 huic
690 1099 791 1130 una
825 1084 949 1131 fides
984 1084 1206 1145 optanda
1239 1082 1410 1130 labori.

166 1166 363 1212 fortuna
398 1162 514 1211 satis
551 1179 669 1210 usus
700 1162 814 1210 abi.'
884 1163 1100 1211 restabat
1134 1162 1325 1211 acerbis
1749 1170 1834 1224 690

166 1244 420 1294 funeribus
457 1243 695 1306 socioque
729 1243 862 1307 gregi
898 1260 1001 1292 non
1036 1252 1215 1307 sponte
1250 1252 1496 1306 superstes

169 1325 515 1375 Haemonides
551 1323 655 1389 (ille
691 1326 814 1373 haec
850 1324 1170 1388 praeviderat,
1210 1324 1380 1373 omina
1414 1325 1593 1373 doctus

167 1406 291 1455 aeris
328 1415 376 1455 et
411 1408 547 1455 nulla
581 1408 822 1470 deceptus
857 1407 923 1455 ab
957 1406 1095 1472 alite)
1132 1408 1332 1466 Maeon,

169 1505 262 1537 nec
297 1487 478 1536 veritus
514 1487 777 1551 prohibere
811 1490 1029 1548 ducem3
1086 1489 1175 1536 sed
1210 1489 1311 1535 fata
1346 1495 1634 1536 monentem

168 1569 419 1634 privavere
454 1570 585 1618 fide:
636 1569 737 1618 vita
771 1568 1082 1618 miserandus
1118 1568 1262 1617 inerti
1755 1573 1837 1626 695

170 1653 433 1700 damnatur
449 1668 464 1711 3
516 1649 712 1714 trepido
747 1652 949 1713 Tydeus
985 1650 1194 1698 immitia
1230 1651 1464 1698 mandat:

173 1738 185 1758 ‘
203 1731 442 1795 Quisquis
477 1749 530 1781 es
565 1732 838 1791 Aonidum,
876 1748 1027 1795 quem
1063 1731 1274 1780 crastina
1310 1747 1516 1779 munere
1551 1738 1721 1779 nostro

170 1813 400 1862 manibus
436 1822 721 1876 exemptum
757 1813 934 1862 mediis
971 1816 1164 1862 Aurora
1198 1812 1400 1871 videbit,

171 1897 295 1943 haec
330 1893 481 1943 iubeo
516 1896 727 1957 perferre
763 1893 909 1942 duci:
963 1893 1108 1957 cinge
1142 1910 1318 1957 aggere
1353 1902 1533 1957 portas,

172 1978 269 2025 tela
305 1992 446 2035 nova,
485 1975 665 2038 fragilis
699 1992 824 2024 aevo
861 1974 1046 2024 circum
1082 1974 1271 2038 inspice
1307 1991 1487 2034 muros,
1764 1992 1843 2034 700

172 2056 436 2121 praecipue
471 2055 653 2119 stipare
685 2055 815 2104 viros
850 2058 1131 2119 densasque
1167 2065 1421 2104 memento
1455 2054 1472 2070 ⁶

175 2137 499 2202 multiplicare
533 2137 698 2186 acies!
748 2139 1025 2187 fumantem
1060 2139 1195 2185 hunc
1229 2136 1397 2199 aspice
1431 2137 1529 2184 late

177 2237 295 2269 ense
332 2236 446 2268 meo
482 2236 746 2282 campum:
798 2221 920 2267 tales
956 2218 1008 2266 in
1045 2219 1175 2267 bella
1209 2217 1470 2266 venimus.'

245 2303 390 2349 Haec
424 2300 506 2359 ait,
544 2309 594 2349 et
629 2299 832 2349 meritae
866 2302 1130 2363 pulchrum
1166 2298 1270 2359 tibi,
1310 2300 1483 2358 Pallas,
1512 2300 1752 2348 honorem

176 2381 446 2445 sanguinea
480 2383 545 2430 de
580 2389 740 2444 strage
773 2390 924 2444 parat,
964 2382 1300 2444 praedamque
1335 2379 1581 2429 iacentem
1767 2388 1843 2442 70'5

176 2472 455 2528 comportat
490 2463 712 2526 gaudens
748 2461 1067 2525 ingentiaque
1102 2470 1212 2524 acta
1247 2470 1482 2509 recenset.

177 2560 387 2608 quercus
424 2552 527 2591 erat
562 2552 759 2592 tenerae
794 2542 894 2592 iam
930 2545 1134 2606 longum
1171 2541 1327 2590 oblita
1361 2541 1591 2590 iuventae

177 2642 352 2689 aggere
387 2641 678 2687 camporum
714 2624 896 2684 medio,
935 2641 1087 2687 quam
1123 2623 1362 2686 plurimus
1397 2623 1555 2672 ambit

179 2706 439 2756 frondibus
476 2704 689 2754 incurvis
725 2714 774 2753 et
809 2707 965 2755 crudo
1001 2706 1179 2754 robore
1215 2713 1394 2753 cortex.

234 2837 315 2885 693
344 2835 455 2874 aeris
485 2834 582 2873 Pet
596 2847 667 2873 sec.
692 2847 749 2874 m.
782 2833 847 2885 Q:
875 2846 1000 2873 aeros
1028 2833 1181 2873 BKN:
1212 2834 1342 2873 heros
1374 2833 1475 2884 9¹1)
1647 2835 1728 2883 694
1759 2824 1848 2872 rno-

179 2897 354 2928 ventem
385 2889 423 2939 Q
447 2891 493 2939 (n
521 2895 612 2940 sup.
645 2902 672 2927 v
700 2888 796 2928 add.
837 2887 914 2941 92)
1081 2890 1165 2939 699
1194 2888 1338 2938 pferre
1367 2888 1411 2926 D
1578 2900 1658 2937 700
1686 2887 1847 2926 circum

182 2945 349 2994 inspice
376 2944 447 2983 P:
476 2944 755 2994 circumspice
784 2947 866 2982 cett.
