1884 3204
127 54 179 100 P.
218 53 463 101 ΡΑΡΙΝΙ
500 52 707 101 STATI

124 192 354 242 interiore
387 194 519 257 polo.
592 190 761 255 spatiis
795 190 913 238 hinc
948 188 1117 238 omnia
1150 188 1296 250 iuxta,

124 273 410 337 primaeque
444 272 784 335 occiduaeque
810 273 999 327 ⁴domus
1034 279 1083 319 et
1117 271 1227 319 fusa
1259 271 1353 320 sub
1387 272 1526 321 omni
1708 293 1788 323 200

125 364 252 404 terra
285 364 435 417 atque
470 355 606 402 unda
640 352 722 402 die
737 370 752 414 3
787 350 966 401 mediis
1001 367 1109 400 sese
1142 353 1326 401 arduus
1361 352 1507 402 infert

124 435 230 499 ipse
265 434 386 494 deis,
423 433 623 496 placido
657 432 884 495 quatiens
919 440 1087 481 tamen
1122 432 1291 481 omnia
1324 435 1476 494 vultu,

125 514 439 577 stellantique
472 516 604 562 locat
638 512 799 573 soli03
833 529 927 561 nec
964 511 1188 575 protinus
1222 513 1330 562 ausi

123 596 402 654 caelicolae,
438 593 634 643 veniam
669 595 832 642 donec
865 601 1005 656 pater
1037 593 1144 656 ipse
1178 594 1387 643 sedendi

125 675 386 739 tranquilla
419 674 558 723 iubet
591 690 700 723 esse
735 690 900 722 manU.
972 690 1088 722 mox
1123 675 1266 723 turba
1300 692 1534 739 vagorum
1712 694 1791 737 ²05

125 757 401 806 semideum
437 764 485 804 et
520 754 726 804 summis
761 753 960 817 cognati
993 755 1212 804 nubibus
1247 758 1437 805 Amnes

125 847 173 887 et
209 853 491 900 compressa
526 844 663 884 metu
695 844 944 885 servantes
980 852 1230 885 murmura
1263 837 1416 886 Venti

125 934 272 967 aurea
307 926 438 966 tecta
471 919 675 979 replent.
748 915 900 964 mixta
934 932 1156 966 convexa
1189 919 1399 967 deorum

127 998 381 1047 maiestate
416 1006 646 1056 tremunt,
685 996 878 1046 radiant
913 997 1098 1047 maiore
1133 1015 1309 1047 sereno

127 1079 344 1128 culmina
379 1088 428 1128 et
462 1095 645 1127 arcano
679 1080 912 1128 florentes
946 1079 1134 1128 lumine
1169 1089 1351 1143 postes,
1421 1130 1423 1132 ,
1718 1099 1794 1128 210

127 1170 392 1225 postquam
427 1159 561 1209 iussa
595 1158 736 1223 quies
772 1159 1005 1224 siluitque
1039 1160 1294 1210 exterritus
1329 1160 1476 1220 orbis,

127 1241 299 1305 incipit
334 1258 393 1290 ex
427 1243 528 1290 alto
566 1239 731 1306 (grave
766 1250 816 1290 et
850 1241 1161 1291 immutabile
1196 1241 1378 1291 sanctis

127 1324 325 1387 pondus
360 1324 502 1372 adest
535 1322 710 1383 verbis,
750 1332 799 1372 et
833 1340 1009 1373 vocem
1046 1326 1169 1372 Fata
1203 1323 1530 1389 sequuntur):

128 1408 139 1429 ‘
156 1407 418 1453 Terrarum
454 1403 635 1453 delicta
668 1420 762 1452 nec
797 1405 1122 1454 exsaturabile
1158 1404 1290 1454 Diris

127 1485 380 1549 ingenium
416 1486 623 1533 mortale
659 1501 849 1547 queror.
922 1502 1143 1549 quonam
1178 1502 1337 1549 usque
1370 1494 1643 1535 nocentum
1716 1504 1762 1532 21
1770 1505 1793 1545 5

128 1565 289 1629 exigar
324 1564 375 1612 in
410 1567 636 1628 poenas?
670 1566 836 1614 taedet
872 1565 1057 1614 saevire
1092 1583 1302 1616 corusco

127 1646 346 1706 fulmine,
384 1645 484 1694 iam
519 1645 712 1709 pridem
748 1647 1026 1710 Cyclopum
1061 1664 1269 1711 operosa
1302 1648 1537 1697 fatiscunt

129 1727 360 1776 bracchia
395 1736 444 1775 et
479 1726 667 1776 Aeoliis
703 1729 885 1776 desunt
919 1728 1185 1778 incudibus
1220 1729 1373 1793 ignes.

129 1818 278 1872 atque
312 1810 441 1857 adeo
476 1810 682 1857 tuleram
705 1810 842 1875 *falso
877 1818 1067 1858 rectore
1102 1812 1290 1859 solutos

130 1890 246 1939 solis
282 1906 452 1952 equos,
491 1891 785 1953 caelumque
820 1890 939 1939 rotis
974 1890 1249 1940 errantibus
1283 1891 1370 1951 uri,
1717 1911 1798 1939 220

129 1981 177 2020 et
213 1973 558 2020 Phaethontea
594 1973 839 2020 mundum
875 1974 1099 2034 squalere
1132 1972 1311 2021 favilla.

128 2052 198 2101 nil
232 2061 414 2112 actum,
452 2068 616 2114 neque
651 2060 705 2100 tu
739 2051 904 2101 valida
937 2054 1075 2115 quod
1110 2053 1317 2116 cuspide
1350 2055 1449 2102 late

130 2134 198 2183 ire
233 2150 321 2197 per
356 2132 601 2182 inlicitum
635 2135 827 2196 pelago,
865 2149 1111 2196 germane,
1150 2133 1347 2183 dedisti.

130 2232 264 2263 nunc
299 2213 520 2278 geminas
555 2213 730 2277 punire
765 2215 960 2275 domos,
996 2214 1107 2278 quis
1141 2214 1393 2278 sanguinis
1426 2224 1599 2266 auctor

132 2292 236 2356 ipse
272 2309 379 2355 ego,
417 2293 685 2341 descendo.
757 2293 964 2341 Perseos
998 2294 1121 2342 alter
1153 2292 1206 2342 in
1242 2295 1402 2356 Argos
1720 2312 1796 2353 225

133 2374 384 2433 scinditur,
422 2373 611 2423 Aonias
648 2373 755 2423 fluit
789 2374 871 2424 hic
904 2375 970 2424 ab
1005 2374 1193 2438 origine
1227 2375 1444 2425 Thebas.

134 2473 274 2505 mens
310 2455 501 2504 cunctis
536 2455 752 2519 imposta
785 2465 984 2506 manet:
1020 2456 1131 2520 quis
1165 2458 1339 2506 funera
1372 2456 1554 2507 Cadmi

195 2598 272 2635 199
300 2586 412 2624 iusta
441 2584 503 2622 A²
670 2598 752 2623 200
780 2592 823 2625 et
844 2586 939 2625 susa
967 2585 1222 2625 Markland:
1251 2586 1385 2625 effusa
1414 2585 1525 2626 codd.
1720 2599 1801 2636 213

135 2639 246 2678 facta
266 2640 308 2677 A
328 2639 557 2678 Burmann
742 2652 820 2689 214
851 2641 1134 2680 exsaturabile
1154 2640 1220 2679 P:
1248 2640 1535 2680 exsaturabile
1561 2640 1800 2691 (†exsatia-

135 2695 218 2733 bile
246 2698 473 2745 suprascr.)
497 2695 540 2732 D
561 2708 570 2733 :
619 2696 918 2744 exsuperabile
947 2695 1067 2745 BQL
1261 2706 1341 2744 215
1371 2695 1648 2746 quoadusque
1671 2694 1802 2745 ‘DQB

138 2751 205 2797 (ex
222 2761 543 2798 quonamusque
563 2762 665 2788 corr.
689 2747 789 2800 3¹3)
958 2763 1041 2799 219
1069 2750 1178 2789 adeo
1207 2748 1275 2799 Q:
1305 2750 1402 2788 ideo
1429 2748 1556 2788 PBD
1719 2761 1800 2798 223

137 2802 313 2852 pelagus
340 2802 424 2840 PD
454 2807 644 2854 (suprscr.
680 2807 762 2852 †go
792 2803 836 2841 D
864 2803 950 2844 ead.
985 2806 1063 2853 m.)
1274 2817 1352 2854 227
1382 2804 1565 2854 imposta
1596 2803 1799 2854 (inposta,

137 2856 356 2908 imposita)
377 2856 488 2896 codd.
515 2871 525 2896 ε
571 2858 751 2908 impasta
780 2858 946 2898 Barth:
975 2858 1160 2898 infausta
1176 2857 1382 2899 „Cruceusz
1421 2857 1577 2898 infesta
1595 2858 1800 2910 Barclay:
