1884 3204
950 84 1363 133 THEBAIDOS
1398 86 1617 133 LIBER
1652 88 1727 135 XI

26 283 28 292 ‚
78 244 169 277 nec
203 224 324 275 mihi
357 222 564 274 difficilis
599 238 828 286 praesens
864 220 1082 270 vindicta
1106 240 1118 282 ;
1165 223 1254 271 sed
1287 238 1439 281 arma,
1649 240 1727 282 305

79 323 213 356 arma
246 305 394 369 prius,
427 302 627 352 famuli!
675 311 851 351 coeant
886 301 938 349 in
972 302 1158 364 proelia
1192 304 1373 351 fratres.

78 389 181 437 vult
212 384 421 449 gemitus
455 382 606 432 lenire
642 383 836 432 Creon:
882 383 1067 430 lucrare
1103 384 1314 430 furorem
1337 400 1350 442 3

79 465 248 516 victori
282 463 402 512 mihi
437 472 615 512 cuncta
649 464 784 510 lues!
854 461 923 509 sic
959 460 1112 524 iurgia
1146 464 1349 524 paulum

26 598 30 600 ,
77 544 263 596 distulit
295 553 443 606 atque
478 559 646 591 ensem
681 558 829 604 quem
867 541 964 588 iam
1000 541 1151 590 dabat
1187 541 1256 590 ira
1290 541 1545 605 repressit:

76 625 200 675 ictus
234 633 288 672 ut
321 623 507 672 incerto
541 621 747 686 pastoris
782 623 982 671 vulnere
1016 638 1216 684 serpens
1651 640 1732 680 310

61 691 273 768 'erigitur
305 719 422 767 gyro
457 705 761 766 longumque
795 719 823 751 e
858 718 1062 765 corpore
1099 711 1205 751 toto

49 785 204 839 ,virus
238 783 289 832 in
323 799 408 832 ora
441 783 586 846 legit3
631 785 834 846 paulum
870 782 910 831 si
945 782 1116 831 devius
1151 782 1307 831 hostis

78 864 214 915 torsit
247 863 348 923 iter,
387 863 610 912 cecidere
645 863 809 912 minae
844 865 1208 926 tumefactaque
1243 865 1417 912 frustra

77 947 203 995 colla
236 945 423 1003 sedent,
460 943 653 1006 irasque
689 943 764 992 sui
800 943 925 992 bibit
960 943 1066 1006 ipse
1101 942 1292 992 veneni.

143 1027 210 1073 At
243 1023 460 1087 genetrix
494 1023 700 1087 primam
737 1026 960 1072 funestae
995 1023 1137 1072 sortis
1173 1033 1227 1071 ut
1262 1039 1433 1072 amens
1655 1043 1733 1084 315

78 1103 268 1167 expavit
302 1105 481 1151 famam
520 1102 634 1168 (nec
670 1105 807 1152 tarde
843 1103 1088 1167 credidit),
1126 1103 1228 1152 ibat

78 1184 226 1235 scissa
261 1200 456 1233 comam
491 1186 753 1247 vultusque
789 1193 838 1232 et
873 1193 1072 1247 pectore
1108 1185 1242 1232 nuda
1276 1192 1494 1241 cruento,

78 1281 179 1314 non
213 1280 355 1312 sexus
391 1263 646 1312 decorisve
682 1280 903 1312 memor:
951 1263 1191 1312 Pentheia
1226 1263 1384 1326 qualis

80 1353 233 1392 mater
264 1345 330 1393 ad
363 1343 523 1392 insani
558 1344 828 1392 scandebat
864 1343 1081 1392 culmina
1115 1343 1312 1402 montis,

79 1423 372 1488 promissum
408 1439 554 1472 saevo
589 1433 738 1486 caput
773 1425 995 1472 adlatura
1032 1426 1210 1486 Lyaeo.
1654 1442 1735 1482 320

79 1520 181 1554 non
215 1503 435 1563 comites,
473 1520 574 1552 non
610 1504 732 1552 ferre
766 1503 877 1567 piae
913 1502 1116 1566 vestigia
1151 1511 1295 1552 natae

79 1601 235 1647 aequa
268 1585 463 1632 valent:
510 1592 702 1632 tantum
738 1583 944 1631 miserae
979 1584 1122 1632 dolor
1156 1583 1357 1631 ultimus
1393 1583 1534 1633 addit

79 1665 238 1723 robur,
276 1673 325 1713 et
359 1681 626 1727 exsangues
662 1665 959 1713 crudescunt
994 1663 1208 1713 luctibus
1243 1663 1374 1712 anni.

80 1745 276 1807 iamque
310 1746 462 1794 decus
497 1746 676 1807 galeae,
716 1743 813 1792 iam
849 1743 1038 1807 spicula
1073 1760 1217 1792 saeva
1252 1744 1434 1807 ligabat

9 1827 12 1832 ’
81 1826 256 1874 ductor
291 1833 339 1873 et
374 1826 438 1873 ad
473 1824 620 1873 lituos
656 1823 860 1872 hilarem
896 1823 1299 1886 intrepidumque
1333 1824 1564 1872 tubarum
1658 1845 1734 1884 325

82 1904 412 1969 prospiciebat
447 1921 646 1967 equum,
685 1903 850 1952 subito
887 1920 1000 1952 curn
1036 1904 1261 1967 apparuit
1296 1903 1469 1967 ingens

81 1986 249 2045 mater,
286 1994 335 2034 et
370 1984 475 2048 ipse
510 1993 644 2032 metu
680 1985 1018 2046 famulumque
1053 1983 1286 2047 expalluit
1321 1984 1482 2032 omnis

84 2075 266 2126 coetus,
305 2074 355 2113 et
389 2065 606 2114 oblatam
641 2073 768 2112 retro
804 2063 943 2112 dedit
977 2064 1184 2126 armiger
1218 2066 1425 2113 hastam.

86 2145 239 2209 ‘Quis
273 2147 440 2194 furor?
485 2146 621 2193 unde
655 2144 831 2193 iterum
867 2144 1002 2207 regni
1037 2144 1276 2208 integrata
1310 2145 1513 2208 resurgit

84 2225 358 2276 Eumenis?
403 2224 496 2289 ipsi
531 2224 678 2273 etiarn
715 2233 827 2287 post
862 2224 1042 2284 omnia,
1081 2225 1360 2274 comminus
1396 2225 1490 2288 ipsi
1660 2245 1739 2284 330

83 2305 308 2354 stabitis?
354 2321 511 2368 usque
545 2306 672 2353 adeo
707 2304 927 2367 geminas
963 2304 1161 2353 duxisse
1196 2305 1412 2354 cohortis

63 2395 132 2447 ret
166 2385 355 2434 facinus
391 2386 652 2434 mandasse
686 2402 859 2448 parurn
895 2388 1008 2434 est?
1054 2402 1154 2448 quo
1190 2385 1373 2435 deinde
1408 2386 1586 2435 redibit

84 2465 276 2514 victor?
321 2464 373 2513 in
406 2467 564 2514 hosne
599 2465 773 2514 sinus?
814 2482 844 2514 0
880 2465 972 2514 diri
1006 2466 1227 2528 coniugis
1263 2466 1381 2515 olim

0 2566 1 2612 ᾗ
33 2533 35 2536 ’
84 2545 249 2595 felices
284 2547 547 2595 tenebrae!
595 2546 733 2606 datis,
772 2545 998 2609 improba
1031 2547 1232 2606 lumina,
1270 2564 1471 2610 poenas.

87 2627 209 2676 haec
243 2628 512 2689 spectanda
547 2626 692 2675 dies?
739 2643 853 2689 quo,
892 2643 1048 2687 saeve,
1087 2627 1326 2676 minantia
1360 2628 1514 2676 flectis
1659 2649 1738 2691 335

0 2769 4 2807 g
139 2765 220 2803 305
252 2754 350 2805 sed]
371 2754 450 2793 sub
469 2754 510 2792 P
703 2766 780 2802 311
813 2760 925 2793 torto
943 2754 1003 2804 A,
1014 2755 1118 2803 fort.
1141 2760 1235 2794 recte
1402 2757 1483 2803 316
1511 2757 1683 2795 tandem
1704 2758 1747 2796 P

0 2835 6 2852 ,ὲ
89 2819 166 2856 317
195 2808 418 2856 vultusque
438 2807 506 2847 P:
534 2808 735 2858 vultuque
755 2808 824 2846 ωδ
941 2821 1018 2857 321
1052 2809 1147 2858 piae
1167 2809 1251 2847 ΡΙ)
1272 2810 1495 2861 (suprascr.
1516 2810 1634 2861 ipsae
1651 2811 1711 2862 D)
1734 2827 1743 2851 τ

0 2853 7 2902 ²,
88 2860 204 2910 ipsae
223 2861 389 2911 BKNQ
515 2874 595 2911 325
625 2863 921 2912 trepidumque
944 2862 1176 2902 Gronovius
1195 2863 1283 2903 edd.
1421 2876 1500 2914 327
1531 2870 1574 2903 et
1595 2878 1679 2905 om.
1701 2865 1743 2903 P

0 2926 7 2950 ς’
90 2927 171 2964 que
190 2927 272 2955 om.
295 2915 340 2953 D
500 2929 581 2967 329
610 2916 652 2954 in
674 2922 716 2955 te
738 2922 857 2966 grata
876 2916 938 2954 A¹

138 2980 257 3008 νει-ΛΤ.
276 2980 406 3008 rute.
961 3002 964 3006 Α
1579 2973 1634 3012 2ο
