1884 3204
955 79 1440 131 ACHILLEIDOS
1479 81 1692 128 LIBER
1727 81 1754 129 I

27 203 30 209 ⁴
101 220 324 284 obliquat
358 218 605 282 vestisque
641 235 792 267 manu
826 217 1009 267 leviore
1042 218 1246 280 repellit.

98 300 308 364 adspicit
342 299 629 362 ambiguum
665 298 883 362 genetrix
918 297 1128 361 cogique
1162 300 1411 347 volentem
1673 318 1751 359 325

98 381 364 444 iniecitque
399 380 568 440 sinus;
614 389 720 428 tum
757 381 883 428 colla
917 378 1122 442 rigentia
1157 380 1314 448 mollit

26 516 29 517 ⁷
96 461 438 525 submittitque
472 460 628 524 gravis
664 477 860 509 umeros
896 469 944 508 et
980 459 1122 508 fortia
1157 462 1284 508 laxat

95 542 325 592 bracchia
360 551 409 591 et
442 541 663 604 impexos
699 550 833 590 certo
869 542 1041 590 domat
1077 540 1250 589 ordine
1285 541 1430 590 crinis

96 639 156 672 ac
191 639 280 671 sua
315 622 494 671 dilecta
529 621 718 671 cervice
754 620 957 670 monilia
993 623 1219 670 transfert
1245 639 1259 682 3

47 754 49 756 ,
94 712 143 752 et
177 703 418 767 picturato
453 703 692 751 cohibens
728 701 931 766 vestigia
966 701 1121 750 limbo
1675 722 1752 761 330

92 783 339 833 incessum
375 793 666 846 motumque
702 785 849 832 docet
884 783 1120 846 fandique
1155 784 1410 847 pudorem.

93 864 299 928 qualiter
333 863 507 913 artifici
540 864 756 912 victurae
791 863 970 927 pollice
1006 880 1147 913 cerae

90 944 341 1008 accipiunt
375 947 557 994 formas
593 944 860 1008 ignemque
897 962 1200 1008 manumque
1236 954 1523 1008 sequuntur,

90 1025 200 1074 talis
236 1034 337 1074 erat
373 1025 516 1074 divae
551 1035 723 1073 natum
759 1025 995 1074 mutantis
1031 1025 1210 1089 imago.

89 1122 182 1155 nec
215 1108 399 1155 luctata
432 1106 553 1166 diu3
587 1115 808 1169 superest
842 1124 957 1155 nam
993 1106 1230 1170 plurimus
1265 1107 1335 1155 illi
1674 1128 1750 1169 335

88 1185 240 1235 invita
273 1187 449 1235 virtute
484 1189 648 1246 decor,
685 1186 905 1250 fallitque
940 1187 1122 1236 tuentis

86 1267 347 1331 ambiguus
383 1267 618 1330 tenuique
653 1269 810 1316 latens
846 1268 1129 1317 discrimine
1164 1285 1320 1317 sexus.

154 1350 451 1408 Procedunt,
487 1348 763 1411 iterumque
799 1366 1008 1397 monens
1044 1349 1322 1412 iterumque
1356 1349 1564 1413 fatigans

86 1428 269 1478 blanda
303 1428 509 1478 Thetis:
561 1428 667 1478 ‘Sic
701 1445 816 1492 ergo
850 1431 1074 1492 gradum,
1108 1429 1179 1478 sic
1214 1447 1299 1478 ora
1333 1447 1621 1494 manusque,

84 1519 213 1570 nate,
250 1512 375 1559 feres
410 1509 716 1573 comitesque
751 1510 912 1559 modis
947 1510 1203 1559 imitabere
1239 1510 1378 1571 fictis,
1666 1531 1746 1572 340

84 1607 148 1639 ne
184 1600 232 1640 te
267 1596 564 1654 suspectum
586 1590 731 1638 molli'
760 1607 862 1639 non
897 1590 1102 1640 misceat
1135 1593 1277 1640 aulae

83 1680 242 1721 rector
276 1681 325 1721 et
359 1671 543 1736 incepti
576 1681 780 1735 pereant
815 1672 1075 1722 mendacia
1108 1673 1254 1722 furti.'

0 1745 2 1749 ’
82 1753 203 1803 dicit
237 1763 286 1802 et
319 1755 524 1802 admoto
560 1770 662 1802 non
698 1753 846 1802 distat
881 1770 1077 1803 comere
1112 1763 1259 1803 tactu.

83 1833 153 1883 sic
188 1834 275 1883 ubi
309 1834 536 1898 virgineis
572 1837 767 1883 Hecate
802 1836 981 1883 lassata
1016 1835 1293 1899 Therapnis

81 1917 147 1964 ad
182 1924 371 1979 patrem
405 1917 702 1978 fratremque
736 1915 876 1974 redit,
915 1933 1083 1965 comes
1118 1918 1286 1965 haeret
1321 1917 1458 1966 eunti
1663 1939 1741 1979 345

83 2005 238 2044 mater
273 2005 322 2045 et
356 1996 463 2059 ipsa
497 2011 694 2045 umeros
731 2006 1018 2060 exsertaque
1053 1997 1284 2046 bracchia
1317 2001 1446 2047 velat
1463 2017 1476 2059 3

81 2076 187 2141 ipsa
221 2094 389 2126 arcum
425 2079 775 2140 pharetrasque
810 2080 941 2126 locat
975 2088 1262 2141 vestemque
1293 2081 1529 2129 latentem

81 2158 284 2208 deducit
317 2175 611 2221 sparsosque
645 2167 803 2207 tumet
837 2176 1137 2222 componere
1165 2159 1325 2208 crinis.

149 2239 379 2288 Protinus
414 2239 696 2303 adgreditur
730 2256 896 2303 regem
931 2249 1081 2304 atque
1117 2241 1187 2290 ibi
1222 2242 1429 2291 testibus
1463 2242 1558 2290 aris

47 2364 51 2365 ⁷
85 2324 97 2347 ‘
116 2323 266 2369 Hanc
301 2320 416 2369 tibi'
452 2320 520 2369 ait
558 2320 738 2369 ‘nostri
772 2337 1069 2384 germanam,
1108 2332 1279 2383 rector,
1317 2323 1525 2372 Achillis
1663 2346 1745 2387 350

79 2464 220 2545 mita
243 2451 426 2544 353222‘}
452 2451 685 2543 He‘w'ussg
713 2451 922 2555 {Sffl‘qu‘}
939 2450 1091 2544 εὲἶῖὶιε
1176 2453 1276 2546 332
1303 2452 1679 2548 ³3¹³Xstq¹sssscfflss
1704 2455 1748 2546 {3

1136 2519 1146 2544 ε
1639 2523 1651 2547 1

79 2561 159 2611 328
187 2560 318 2599 donat
339 2559 382 2597 P
556 2518 638 2608 33:23>
671 2559 876 2598 cohibens
903 2565 964 2597 11:
1005 2518 1176 2599 cohibet
1202 2575 1233 2598 ω
1406 2573 1486 2610 332
1517 2562 1746 2601 artificisE

77 2616 161 2665 336
194 2614 328 2652 invita
356 2612 448 2651 Pet
465 2611 548 2652 cod.
572 2613 772 2652 Bentleii:
804 2613 959 2652 invicta
984 2612 1055 2651 Em
1236 2616 1318 2663 338
1351 2627 1531 2654 monens
1552 2647 1562 2656 .
1583 2646 1593 2656 .
1618 2646 1628 2656 .
1650 2617 1741 2656 sati-

79 2681 186 2719 gans
216 2667 278 2708 Pt
314 2673 461 2706 monet
482 2695 493 2706 .
515 2698 525 2707 .
552 2697 561 2707 .
582 2667 729 2717 fatigat
747 2666 818 2705 Εω
997 2680 1078 2718 339
1114 2680 1190 2706 oro
1219 2669 1261 2707 E
1460 2682 1540 2719 343
1572 2671 1679 2711 dixit
1704 2672 1750 2710 E

78 2724 210 2762 distat
230 2722 299 2760 P:
334 2729 474 2760 cessat
493 2721 563 2759 Εω
722 2734 801 2770 344
831 2722 1052 2772 therapnis
1070 2721 1113 2759 P
1138 2723 1196 2771 (et
1212 2722 1263 2762 L.
1287 2722 1347 2761 ad
1377 2723 1492 2763 Theb.
1522 2724 1580 2764 iii.
1610 2731 1709 2774 422)
1732 2741 1742 2765 :

79 2776 292 2827 pharetris
314 2775 384 2814 Εω
572 2786 652 2825 345
687 2775 858 2814 fratrem
878 2782 1128 2826 patremque
1149 2777 1288 2816 reddit
1315 2776 1358 2815 E
1516 2780 1599 2828 346
1630 2779 1742 2819 l-evat

78 2830 120 2870 E
335 2842 414 2880 347
447 2829 579 2880 locat]
616 2830 727 2879 gerit
758 2829 799 2867 E
903 2836 1150 2880 vestemque
1183 2831 1387 2870 latentem
1419 2831 1484 2870 P:
1512 2838 1740 2884 vestesque

78 2886 269 2925 latentes
293 2883 364 2922 Εω
545 2885 626 2934 348
654 2890 788 2923 tumet
812 2883 1054 2935 Gronovius,
1091 2885 1308 2924 Heinsius:
1340 2886 1463 2925 timet
1492 2891 1560 2926 1‘1:
1597 2892 1740 2938 studet

81 2940 127 2980 K
148 2944 185 2978 et
199 2940 244 2978 in
265 2951 347 2980 ras,
373 2937 412 2989 Q
575 2951 657 2989 350
683 2938 864 2979 Achillis
893 2938 977 2977 ΕΚ
991 2953 1001 2978 2
1035 2939 1209 2979 achilles
1235 2939 1299 2980 P:
1325 2940 1467 2980 achilli
1491 2941 1531 2992 Q
