1884 3204
103 126 169 175 P.
209 126 452 175 PAPINI
489 126 694 176 STATI

114 265 193 314 vix
227 264 375 314 ramis
410 266 565 325 locuS,
602 273 816 328 agrestes
850 266 979 315 adeo
1014 264 1184 316 omnia
1217 263 1423 330 cingunt

114 345 330 406 exuviae,
363 354 419 394 ⁴et
453 345 662 395 viridem
696 345 809 395 ferri
843 346 974 396 nitor
1008 345 1218 411 impedit
1253 348 1497 397 umbram.

114 419 257 486 hanc,
296 434 351 474 ut
385 426 510 474 sorte
546 425 670 490 iugis
705 428 856 490 longo
891 428 1086 476 defessa
1120 427 1314 476 redibat
1406 427 1409 429 ’

112 515 307 567 venatu,
346 507 501 556 modo
535 516 674 571 rapta
707 508 843 557 ferox
878 507 1264 572 Erymanthidos
1296 524 1439 564 ursae
1758 573 1768 577 μ

111 598 198 637 ora
231 589 406 647 ferenS,
445 589 604 636 multo
637 588 932 652 proscissam
967 590 1170 638 vulnere
1201 587 1357 637 cernit
1696 590 1771 651 59‘

111 667 402 732 deposuisse
437 685 634 717 comam
670 659 735 718 et¹
754 669 961 718 rorantis
997 668 1235 733 sanguine
1270 684 1434 717 ramos

113 748 356 813 exspirare
391 750 499 798 solo
519 766 534 810 3
580 751 836 812 quaerenti
870 751 1092 813 nympha
1127 758 1356 798 cruentas

113 830 390 878 Maenadas
424 838 575 892 atque
610 831 807 879 hostem
843 829 965 879 dixit
999 829 1212 879 saevisse
1249 832 1484 894 Lyaeum.

109 913 231 961 dum
266 909 420 972 gemit
455 918 504 958 et
538 910 741 973 planctu
777 909 1052 959 circumdat
1086 919 1260 974 pectus
1295 910 1446 970 inani,

99 992 350 1055 ‘abrupere
385 989 517 1039 oculi
552 993 754 1040 noctem
790 1000 1082 1054 maestoque
1116 990 1269 1040 cubili

112 1072 271 1122 exsilit
307 1080 356 1121 et
390 1073 541 1121 falsos
578 1071 769 1135 quaerit
805 1088 893 1136 per
927 1071 1117 1130 lumina
1151 1074 1309 1121 fletus.

176 1156 309 1217 Ergo
343 1161 399 1202 ut
433 1152 486 1200 in
520 1158 669 1201 amne
703 1154 841 1201 nefas
877 1169 1040 1202 merso
1075 1161 1149 1201 ter
1183 1139 1318 1202 crine
1352 1151 1504 1217 piavit

106 1235 356 1297 verbaque
391 1232 625 1282 sollicitas
662 1236 892 1283 matrum'
913 1232 1123 1283 solantia
1157 1239 1324 1283 curas‘

106 1314 316 1375 addidit,
353 1313 624 1378 armigerae
660 1314 756 1364 ruit
791 1316 857 1364 ad
892 1315 1102 1364 delubra
1138 1314 1333 1365 Dianae

105 1413 214 1446 rore
249 1396 342 1445 sub
379 1398 503 1455 Eoo,
542 1405 786 1460 notasque
821 1413 882 1446 ex
915 1395 1091 1445 ordine
1125 1395 1270 1445 silvas
1688 1403 1776 1457 σ’ς’

106 1487 155 1527 et
191 1494 430 1541 quercum
465 1476 632 1541 gavisa
666 1477 815 1527 videt.
888 1486 1007 1526 tunc
1043 1476 1215 1526 limina
1249 1477 1393 1528 divae

105 1558 259 1608 astitit
295 1567 344 1608 et
380 1557 466 1606 tali
500 1557 807 1622 nequiquam
842 1574 967 1607 voce
1002 1567 1257 1622 precatur:

107 1640 288 1704 ‘Virgo
314 1648 502 1704 potens
538 1655 814 1700 nemorum,
852 1638 993 1688 cuius
1027 1656 1132 1689 non
1168 1638 1337 1688 mollia
1371 1638 1511 1703 signa

103 1721 431 1784 militiamque
467 1729 656 1769 trucem
693 1737 864 1770 sexum
901 1719 1158 1784 indignata
1192 1723 1454 1785 frequento

101 1819 240 1852 more
275 1801 399 1850 nihil
436 1800 606 1862 Graio,
640 1818 734 1851 nec
770 1810 819 1851 te
853 1817 975 1865 gens
1009 1818 1182 1866 aspera
1216 1802 1311 1851 ritu
1686 1809 1736 1852 61
1760 1855 1762 1857 .
1778 1806 1787 1839 3

102 1883 308 1935 Colchis
345 1881 713 1932 Amazoniaeve
748 1881 903 1946 magis
939 1884 1138 1932 coluere
1173 1892 1427 1932 catervae:
1767 1892 1770 1894 ’

102 1965 144 2014 si
180 1964 303 2013 mihi
338 1980 442 2012 non
478 1979 718 2027 umquam
754 1962 899 2012 thiasi
935 1964 1144 2013 ludusve
1172 1973 1430 2028 protervae

99 2045 261 2096 noctis
297 2054 360 2105 et,
397 2043 558 2094 inviso
594 2044 819 2108 quamvis
855 2053 1092 2094 temerata
1126 2044 1291 2106 cubili,

101 2145 204 2177 non
240 2136 409 2176 tamen
444 2135 529 2175 aut
565 2135 741 2175 teretes
777 2127 970 2190 thyrsos
1004 2134 1090 2175 aut
1125 2126 1296 2176 mollia
1327 2125 1478 2191 gessi
1770 2181 1771 2185 ,

97 2225 265 2273 pensa,
304 2209 394 2258 sed
428 2206 480 2256 in
516 2207 698 2257 tetricis
734 2216 783 2256 et
817 2216 931 2271 post
965 2206 1182 2256 conubia
1215 2207 1378 2258 lustris
1683 2208 1786 2272 ⁶¹⁵³

99 2291 170 2341 sic
207 2306 408 2355 quoque
444 2289 665 2339 venatrix
699 2289 1024 2353 animumque
1059 2289 1269 2355 innupta
1303 2294 1519 2343 remansi
1783 2292 1785 2295 ’

98 2386 192 2422 nec
228 2371 352 2421 mihi
388 2371 587 2420 secretis
624 2373 823 2435 culpam
859 2373 1111 2437 occultare
1147 2372 1241 2421 sub
1275 2374 1428 2423 antris

98 2470 228 2515 cura,
267 2454 357 2503 sed
392 2452 589 2503 ostendi
625 2455 815 2517 prolem
849 2452 1096 2517 posuique
1130 2462 1425 2505 trementem

151 2596 226 2634 59¹
259 2582 391 2622 radiis
409 2582 543 2622 Barth
735 2594 814 2635 597
843 2581 1041 2632 expirare
1065 2581 1136 2624 P:
1176 2584 1398 2634 expirasse
1425 2585 1496 2625 ms
1681 2552 1791 2640 5980ΪᾸ
1843 2569 1847 2572 ’

95 2638 343 2679 saevissime
362 2636 407 2676 P
565 2639 649 2677 602
677 2637 848 2677 inmane
866 2636 935 2676 P:
973 2637 1102 2677 inane
1120 2637 1256 2678 Barth
1420 2642 1501 2690 604
1527 2642 1781 2693 armigerae?

95 2693 160 2734 P:
204 2698 392 2732 armatae
422 2691 493 2731 ωδ·
705 2693 788 2731 606
815 2691 1049 2731 liminaP:
1089 2691 1232 2733 limine
1263 2692 1334 2734 ωδ
1567 2697 1650 2736 610
1676 2697 1790 2738 situ:

97 2749 318 2797 (suprascr.
349 2747 432 2785 ritu
459 2746 514 2785 al.
548 2741 630 2797 m.)
657 2746 706 2784 N
916 2748 998 2785 612
1024 2758 1108 2786 om.
1127 2746 1171 2785 P
1383 2749 1465 2788 616
1492 2750 1784 2801 animumque.

96 2801 276 2850 innupta
295 2799 407 2839 ΡωΑ
429 2815 439 2840 :
460 2801 640 2850 innupta
659 2800 930 2851 animumque
949 2800 987 2842 S
1001 2814 1010 2838 τ
1031 2801 1259 2852 animoque
1277 2801 1541 2854 Kohlmann,
1569 2803 1760 2859 mains,-
1773 2804 1787 2834 ἶ

96 2855 170 2905 qui
171 2861 250 2905 per
263 2854 471 2894 incuriam
491 2856 601 2895 hanc
615 2854 698 2896 lect.
711 2854 753 2893 P
769 2855 1028 2895 tribuerunt:
1044 2855 1148 2906 fort.
1171 2856 1383 2906 animique
1493 2859 1573 2908 617
1594 2859 1768 2910 culpam*
1875 2863 1877 2889 ἕ

93 2908 208 2948 PD:
247 2921 424 3014 εέἰιῧᾷις
437 2909 568 2960 BQN
777 2910 859 2950 618
887 2908 1052 2963 prolem
1080 2909 1206 2950 PDA
1239 2912 1461 2965 (suprascr.
1494 2918 1640 2955 natum
1664 2912 1759 2971 DJ}
1778 2939 1779 2942 =
1874 2909 1878 2932 ³

95 2969 238 3004 natum
776 2998 779 2999 ⁷
1574 2994 1576 2996 -
1742 2996 1756 3007 .
1864 2973 1877 2979 ,Α
