1884 3204
1024 96 1435 144 THEBAIDOS
1473 99 1686 147 LIBER
1724 101 1747 146 I

4 284 6 286 ,
98 232 294 282 deserui
313 250 328 293 ;
361 232 531 282 vestris
567 233 690 280 haec
727 248 804 280 me
840 248 956 280 ecce
992 229 1042 279 in
1079 232 1259 281 finibus
1295 233 1466 296 ingens

18 348 42 378 .¹
100 330 196 363 nox
231 312 400 376 operit.
475 322 604 361 tecto
640 314 832 362 caelum
867 313 1129 375 prohibere
1170 313 1280 376 quis
1316 313 1406 362 iste
1677 325 1756 375 455

14 447 25 458 .
97 392 288 442 arcuit?
321 410 385 441 an
421 392 655 456 quoniam
692 393 822 456 prior
857 395 979 442 haec
1014 394 1078 442 ad
1114 393 1284 442 limina
1319 396 1442 443 forte

100 472 296 522 molitus
330 476 564 536 gressus?
598 473 775 535 pariter
811 474 1056 522 stabulare
1093 473 1380 523 bimembris

10 551 15 562 '
99 551 371 600 Centauros
407 566 604 612 unaque
639 551 801 598 ferunt
837 551 1081 614 Cyclopas
1117 550 1168 598 in
1203 554 1368 600 Aetna

98 625 398 690 compositos
434 626 570 691 (sunt
605 636 654 676 et
688 627 870 677 rabidis
906 627 1011 676 iura
1045 627 1191 676 insita
1226 628 1455 677 monstris

32 737 34 739 v
71 709 268 770 fasque
303 724 460 766 suum,
501 716 555 755 ut
589 707 755 772 nobis)
793 707 979 756 sociare
1015 708 1197 756 cubilia
1232 718 1400 757 terrae.
1677 716 1759 769 460

97 789 186 837 sed
221 786 341 850 quid
373 790 504 850 ego?
539 796 624 836 aut
659 787 810 836 hodie
845 787 1014 850 spoliis
1049 787 1241 851 gavisus
1277 788 1451 847 abibis,

12 854 26 882 ³³·
58 902 61 904 v
96 863 317 928 quisquis
353 882 418 923 es,
458 865 546 924 his,
584 874 668 913 aut
705 882 798 924 me,
836 864 877 913 si
912 882 1014 914 non
1051 866 1223 914 effetus
1259 866 1437 914 oborto

96 941 291 1005 sanguis
327 943 476 991 hebet
510 943 660 1002 luctu,
699 942 864 1005 magni
899 943 962 991 de
998 942 1147 1006 stirpe
1183 952 1402 991 creatum

97 1020 296 1069 Oeneos
332 1029 380 1067 et
417 1019 567 1068 Marti
602 1036 703 1068 non
745 1021 1040 1082 degenerare
1082 1029 1287 1083 paterno

39 1112 41 1114 “
94 1099 337 1163 accipies.'
406 1102 419 1124 ‘
441 1102 548 1149 Nec
583 1117 675 1148 nos
709 1099 862 1148 animi
897 1117 990 1148 nec
1026 1100 1187 1162 stirpis
1223 1103 1503 1163 egentes—'
1674 1109 1754 1163 465

94 1180 175 1229 ille
210 1181 354 1228 refert
389 1190 571 1239 contra,
611 1182 699 1229 sed
735 1197 875 1229 mens
911 1180 1005 1229 sibi
1036 1180 1236 1229 conscia
1269 1180 1355 1228 fati

95 1270 353 1310 cunctatur
387 1261 600 1323 proferre
635 1270 838 1323 patrem.
911 1270 1030 1309 tune
1066 1260 1197 1308 mitis
1234 1263 1509 1309 Adrastus:

97 1342 291 1389 ‘Immo
325 1340 466 1404 agite,
505 1350 554 1390 et
588 1341 773 1404 positis,
813 1358 934 1404 quas
970 1358 1069 1389 nox
1102 1340 1406 1404 inopinaque
1441 1340 1592 1389 suasit

94 1431 178 1471 aut
212 1420 361 1470 virtus
397 1430 481 1470 aut
515 1420 598 1481 ira,
636 1421 782 1469 minis
817 1421 1068 1470 succedite
1103 1430 1248 1470 tecto.

96 1502 192 1551 iam
227 1500 406 1564 pariter
439 1511 630 1561 coeant,
666 1501 946 1550 animorum
981 1501 1202 1565 pignora,
1237 1503 1448 1551 dextrae.
1673 1521 1756 1564 470

95 1599 197 1632 non
231 1584 354 1631 haec
389 1580 635 1630 incassum
671 1581 895 1645 divisque
929 1582 1218 1631 absentibus
1253 1575 1397 1644 acta,

92 1662 295 1713 forsitan
330 1664 417 1711 has
452 1671 684 1711 venturus
718 1679 858 1711 amor
891 1662 1195 1726 praemiserit
1228 1663 1335 1723 iras,

95 1753 148 1792 ut
184 1742 466 1792 meminisse
500 1742 663 1791 iuvet.'
731 1747 825 1792 nec
859 1759 985 1791 vana
1020 1760 1142 1792 voce
1177 1745 1372 1793 locutus

94 1826 192 1874 fata
225 1841 388 1884 senex,
415 1822 660 1887 siquidem
695 1825 824 1873 hanc
858 1823 1120 1887 perhibent
1153 1841 1240 1887 per
1272 1828 1473 1874 vulnera
1507 1825 1686 1875 iunctis

95 1906 189 1955 isse
224 1907 388 1964 fidem,
427 1914 613 1967 quanta
645 1904 877 1968 partitum
919 1913 1135 1954 extrema
1173 1915 1400 1968 protervo
1670 1925 1752 1969 475

94 1987 289 2035 Thesea
324 1984 558 2044 Pirithoo,
595 1987 672 2033 vel
707 1984 905 2034 inanem
942 1986 1120 2034 mentis
1157 1988 1366 2036 Oresten

93 2065 323 2128 opposito
358 2065 579 2114 rabidam
616 2067 799 2128 Pylade
834 2065 1012 2115 vitasse
1049 2068 1345 2130 Megaeram.

94 2157 212 2196 tunc
247 2164 448 2210 quoque
483 2149 783 2195 mulcentem
818 2146 963 2196 dictis
999 2150 1150 2197 corda
1182 2165 1355 2211 aspera
1389 2165 1554 2212 regem

94 2228 191 2277 iarn
227 2227 393 2276 faciles
428 2227 606 2292 (ventis
641 2236 695 2276 ut
729 2229 978 2277 decertata
1012 2226 1233 2278 residunt

147 2369 226 2407 454
255 2358 362 2397 haec
389 2371 471 2398 om.
495 2357 540 2396 D
664 2369 744 2408 455
773 2358 873 2407 quid
903 2357 1114 2397 Baehrens
1221 2363 1302 2409 456
1329 2361 1465 2400 arcuit
1492 2361 1540 2400 K
1553 2374 1605 2401 ex
1620 2374 1748 2401 corn:

91 2413 229 2460 arguit
256 2412 420 2461 PBDQ
581 2423 660 2461 457
689 2411 859 2451 molitus
887 2411 1037 2461 PKQ:
1066 2414 1237 2453 molitur
1264 2414 1349 2452 BD
1513 2417 1596 2464 460
1624 2429 1747 2455 suum

59 2512 62 2513 ⁷
92 2470 139 2503 ut
169 2465 291 2505 nobis
318 2465 484 2517 scripsi:
527 2479 648 2505 suurn
671 2467 794 2504 nobis
826 2463 954 2515 codd.,
976 2466 1202 2506 secundum
1230 2469 1462 2508 Housman
1482 2470 1748 2520 interpunxit

92 2531 244 2558 suum:
281 2525 324 2558 et
354 2533 440 2558 non
470 2521 534 2558 vis
562 2518 841 2558 Lachmannz
883 2533 1007 2558 suum
1057 2528 1212 2562 norunt
1241 2522 1449 2562 Baehrens
1603 2524 1747 2562 sociae

27 2599 30 2602 -
90 2574 260 2612 novisse
281 2573 435 2612 cubilia
453 2580 592 2612 terrae
612 2574 805 2625 Postgate
975 2577 1055 2623 462
1084 2576 1120 2614 si
1140 2590 1208 2615 me
1237 2577 1282 2614 D
1460 2578 1610 2617 oborto
1637 2577 1748 2617 PD:

91 2625 237 2666 aborto
266 2627 389 2676 BKQ
420 2629 537 2673 (corr.
567 2629 610 2666 in
639 2629 711 2667 ob·
741 2642 811 2667 rec.
845 2641 901 2668 m.
934 2629 989 2679 Q)
1101 2633 1180 2681 465
1210 2637 1390 2680 egentes
1418 2631 1483 2670 P:
1511 2645 1687 2681 egemus
1716 2647 1747 2670 ω

90 2682 170 2729 468
199 2694 303 2731 quas
330 2681 478 2720 DB2K
492 2696 502 2721 z
532 2696 641 2732 quae
668 2681 806 2732 PB¹Q
968 2682 1143 2733 inopina
1162 2686 1296 2724 suasit
1323 2686 1368 2723 D
1549 2699 1630 2735 470
1659 2686 1746 2725 ani-

92 2747 255 2774 morum
275 2735 319 2774 in
341 2736 519 2785 pignora
538 2736 668 2787 codd.,
689 2748 786 2775 corr.
811 2736 1056 2776 Lachmann
1193 2752 1271 2790 472
1302 2739 1478 2779 forsitan
1507 2740 1573 2779 P:
1602 2741 1745 2779 forsan

90 2794 133 2828 et
159 2805 190 2827 ω
298 2790 564 2840 praemiserit
591 2791 695 2830 PB:
723 2790 1000 2840 praemiserat
1028 2791 1157 2843 DKQ
1279 2806 1360 2843 474
1389 2806 1466 2843 per
1492 2794 1560 2833 P:
1591 2800 1688 2844 post
1715 2810 1746 2831 ω

91 2855 169 2893 475
200 2857 296 2883 esse
325 2844 454 2892 codd.,
488 2858 587 2883 corr.
627 2846 776 2884 Gruter
964 2847 1176 2900 quantas]
1215 2848 1437 2899 (suprascr.
1464 2850 1673 2898 †quant1‘1)
1705 2848 1748 2886 P

91 2900 172 2947 478
201 2899 409 2937 mulcente
438 2898 516 2937 ΡΞ
624 2913 725 2949 rege
752 2899 829 2942 ΡΞ

145 2973 266 3002 ετΑτ.
284 2974 415 3003 ’rm-:R
1611 2967 1637 3004 2
