1884 3204
23 417 43 519 ‘ra-2²:
21 294 52 404 -tffair‘-
28 215 45 238 ¹-,
31 162 34 177 -·

1084 77 1494 133 THEBAIDOS
1530 85 1744 134 LIBER
1781 86 1806 133 1

155 235 297 268 saeva
331 217 436 267 dies
471 217 636 276 animi,
675 217 1014 279 scelerumque
1050 216 1100 264 in
1136 225 1336 279 pectore
1374 217 1535 266 Dirae.

156 308 273 348 tunc
307 314 488 347 vacuos
523 296 668 356 orbis,
706 298 914 345 crudum
950 313 1008 345 ac
1044 296 1321 346 miserabile
1356 297 1484 346 vitae

155 377 461 442 supplicium,
500 385 714 426 ostentat
748 378 887 425 caelo
922 377 1250 440 manibusque
1285 377 1499 426 cruentis

154 461 312 523 pulsat
347 458 494 506 inane
530 459 689 506 solum
725 473 968 519 saevaque
1003 457 1071 505 ita
1106 474 1228 506 voce
1263 467 1515 521 precatur:
1754 482 1774 519 ,ς
1783 480 1804 518 5

156 538 262 598 ‘Di‚
300 537 452 587 sontis
487 537 676 586 animas
710 546 1015 600 angustaque
1051 539 1253 586 Tartara
1286 538 1460 601 poenis

154 618 238 682 qui
272 617 448 682 regitis,
486 627 640 680 tuque
674 617 942 666 umbrifero
978 619 1094 680 Styx
1129 618 1279 667 livida
1313 621 1483 679 fundo,

77 750 82 752 ,
156 715 303 763 quam
339 697 500 757 video,
539 699 850 760 multumque
885 697 1006 745 mihi
1042 707 1280 747 consueta
1314 699 1489 759 vocari,

155 781 336 839 adnue,
371 778 658 841 Tisiphone,
697 794 1022 841 perversaque
1058 787 1172 827 vota
1206 781 1454 828 secunda:

150 855 191 905 si
225 856 352 904 bene
387 855 508 917 quid
543 853 711 914 merui,
751 854 791 902 si
826 871 906 903 me
942 856 1005 904 de
1041 865 1195 905 matre
1230 857 1493 906 cadentem
1756 867 1808 906 60

153 935 313 986 fovisti
347 935 533 999 gremio
569 944 617 984 et
652 935 909 984 traiectum
946 938 1148 985 vulnere
1183 938 1375 1000 plantas

151 1010 365 1077 firmasti,
404 1016 445 1065 si
479 1026 651 1080 stagna
684 1016 786 1080 peti
822 1015 1055 1066 Cirrhaea
1091 1017 1282 1066 bicorni

150 1097 383 1146 interfusa
417 1097 545 1160 iugo,
584 1113 781 1160 possem
817 1113 932 1145 cum
968 1099 1145 1161 degere
1179 1099 1304 1147 falso

150 1186 411 1227 contentus
448 1177 652 1240 Polybo,
690 1177 979 1240 trifidaeque
1014 1177 1066 1226 in
1102 1179 1352 1228 Phocidos
1387 1189 1493 1228 arto

149 1261 442 1321 longaevum
477 1257 698 1320 implicui
733 1275 897 1320 regem
933 1258 1170 1321 secuique
1205 1259 1458 1309 trementis
1752 1269 1804 1319 65

150 1355 235 1387 ora
269 1337 412 1398 senis,
451 1340 571 1387 dum
607 1354 791 1400 quaero
826 1347 1033 1400 patrem,
1070 1339 1110 1387 si
1145 1339 1392 1403 Sphingos
1429 1339 1628 1404 iniquae

149 1418 354 1468 callidus
387 1418 619 1481 ambages
655 1427 703 1466 te
738 1427 1161 1481 praemonstrante
1195 1420 1385 1480 resolvi,

149 1499 190 1548 si
224 1498 381 1549 duleis
415 1498 562 1548 furias
596 1507 646 1547 et
681 1498 998 1548 lamentabile
1035 1500 1202 1548 matris

150 1579 419 1630 conubium
453 1578 647 1642 gavisus
682 1578 752 1627 ini
786 1588 1087 1642 noctemque
1123 1583 1391 1631 nefandam

151 1677 295 1724 saepe
330 1660 420 1709 tuli
454 1668 696 1723 natosque
731 1658 834 1719 tibi,
874 1660 968 1709 seis
1004 1660 1123 1723 ipsa,
1162 1662 1341 1725 paravi,
1572 1650 1583 1657 ’
1752 1682 1805 1724 70

99 1763 103 1766 ·
150 1758 265 1790 mox
297 1740 471 1790 avidus
505 1757 696 1804 poenae
730 1740 895 1804 digitis
929 1742 1253 1792 caedentibus
1289 1746 1418 1794 ultro

148 1821 351 1871 incubui
386 1821 689 1885 miserosque
725 1824 895 1870 oeulos
931 1822 983 1871 in
1018 1833 1174 1873 matre
1207 1825 1410 1889 reliqui:

149 1902 339 1963 exaudi,
378 1902 418 1951 si
453 1901 602 1966 digna
635 1919 807 1965 precor
842 1919 1070 1967 quaeque
1104 1905 1211 1969 ipsa
1244 1906 1424 1956 furenti

150 1983 409 2033 subiceres.
482 1984 658 2032 orbum
693 1982 800 2031 visu
835 1984 1097 2048 regnisque
1135 1996 1384 2036 carentem

150 2081 252 2113 non
286 2080 450 2127 regere
485 2073 569 2111 aut
604 2063 748 2112 dictis
784 2074 1085 2114 maerentem
1122 2069 1318 2116 flectere
1352 2068 1527 2129 adorti,
1751 2088 1802 2130 75

149 2161 274 2207 quos
308 2143 455 2207 genui
491 2160 808 2207 quocumque
841 2154 949 2194 toro
965 2164 979 2206 3
1032 2147 1152 2210 quin
1188 2165 1305 2197 ecce
1339 2149 1540 2213 superbi

150 2225 260 2288 (pro
294 2226 436 2273 dolor
455 2224 487 2289 1)
522 2234 570 2273 et
605 2233 774 2273 nostro
808 2224 1100 2276 iamdudum
1135 2230 1305 2278 funere
1339 2246 1476 2293 reges

149 2305 384 2353 insultant
419 2304 631 2353 tenebris
666 2305 976 2368 gemitusque
1011 2309 1162 2357 odere
1196 2318 1440 2372 paternos.

148 2384 289 2433 hisne
323 2384 470 2433 etiam
504 2386 726 2434 funestus
762 2388 891 2448 ego?
939 2396 987 2436 et
1022 2387 1157 2437 videt
1191 2388 1284 2439 ista
1318 2392 1526 2440 deorum

150 2465 352 2529 ignavus
386 2464 613 2529 genitor?
661 2474 714 2514 tu
750 2468 923 2515 saltem
958 2468 1129 2518 debita
1162 2469 1344 2520 vindex
1749 2484 1802 2523 80

201 2604 253 2642 55
283 2593 430 2642 Palpat
451 2595 498 2641 (u
517 2596 588 2631 ets
606 2592 827 2644 suprascr.)
849 2593 892 2632 P
1076 2599 1125 2635 61
1158 2598 1286 2647 genio
1307 2598 1491 2651 (gremio
1510 2601 1730 2653 suprascr.)
1763 2602 1803 2653 Q

146 2648 200 2696 64
221 2653 315 2686 arto
330 2647 397 2698 (ce
408 2647 634 2698 suprascr.)
650 2647 714 2686 P:
736 2654 828 2686 arto
851 2647 896 2697 (u
909 2652 1133 2702 suprascr.)
1151 2652 1213 2701 Q:
1235 2666 1333 2691 arce
1359 2653 1405 2692 D
1516 2668 1569 2704 71·
1587 2657 1746 2706 audens
1767 2657 1802 2706 (i

147 2713 246 2740 corr.
269 2707 360 2752 sup.
382 2701 454 2739 lin.
478 2698 552 2752 Pl)
570 2701 612 2739 P
864 2715 914 2751 72
945 2704 1206 2754 miserosque
1224 2708 1369 2758 scripsi
1388 2722 1398 2747 :
1427 2709 1666 2759 miseraque
1686 2710 1799 2750 codd.

148 2755 411 2805 miseraque.
428 2783 439 2795 .
456 2784 466 2794 .
483 2755 525 2794 in
554 2761 697 2796 mente
726 2760 824 2799 coni.
848 2759 1017 2809 Bentley
1100 2761 1288 2809 ‘proieci
1316 2767 1416 2802 ante
1445 2765 1647 2803 matrem’
1676 2764 1796 2804 schol.

149 2808 244 2848 Cod.
270 2809 435 2861 Magd.·
550 2822 599 2858 74
630 2819 843 2853 carentem
864 2814 930 2854 P:
958 2819 1179 2864 parentem
1199 2830 1230 2853 ω
1659 2832 1662 2835 ⁴

1644 2875 1690 2911 1*
