1884 3204
1023 86 1433 136 THEBAIDOS
1470 89 1684 164 LIBER
1721 91 1768 137 V

116 217 270 268 audiit
305 217 592 282 Hypsipyle,
627 217 921 281 facilemque
955 219 1185 282 negantia
1218 238 1414 270 cursum

20 319 21 324 ¹
80 343 83 350 ,
117 297 350 352 exanimis
383 314 543 362 genua
575 314 718 362 aegra
753 298 907 362 rapit3
954 298 1051 348 iam
1087 310 1218 349 certa
1255 304 1497 352 malorum
1612 347 1617 351 .
1679 323 1757 365 545

115 373 290 423 mentis
323 374 388 423 ab
421 373 623 437 augurio
658 390 926 438 sparsoque
960 393 1047 439 per
1081 378 1250 427 omnia
1283 378 1390 428 visu

110 454 280 503 lustrat
314 456 519 504 humum
554 471 793 519 quaerens
829 465 878 505 et
912 465 1031 506 nota
1063 458 1305 507 voeabula
1339 475 1489 522 parvo

38 528 40 530 ’
103 533 408 597 nequiquam
443 533 780 598 ingeminans:
831 552 1076 599 nusquam
1112 537 1206 598 ille,
1245 548 1294 587 et
1330 548 1467 608 prata
1501 540 1710 589 recentis

74 657 79 660 .
107 612 310 663 amisere
344 623 500 665 notas.
570 614 713 665 viridi
745 615 882 679 piger
914 618 1124 666 accubat
1159 618 1313 667 hostis

106 695 338 754 collectus
372 711 490 758 gyro
523 695 836 760 spatiosaque
870 696 1035 760 iugera
1069 700 1302 762 complet,
1674 721 1756 764 550

15 837 17 846 Ι
105 771 175 822 sic
207 774 355 823 etiam
390 775 592 840 obliqua
625 777 865 826 cervicem
901 787 1132 842 expostus
1167 779 1218 827 in
1253 781 1380 828 alvo.

92 853 287 903 horruit
321 855 488 905 infelix
520 856 627 907 visu
662 859 910 922 longoque
945 861 1246 922 profundum

101 932 320 985 incendit
355 939 568 987 clamore
603 955 778 988 nemus
795 957 808 1000 3
855 956 949 989 nec
984 940 1176 990 territus
1211 940 1305 1001 ille,

100 1016 188 1064 sed
222 1015 360 1066 iacet.
432 1018 685 1082 Argolicas
721 1021 934 1069 ululatus
970 1021 1146 1071 flebilis
1181 1021 1310 1070 auris

98 1093 324 1159 impulit3
370 1101 617 1163 extemplo
652 1100 844 1149 monitu
879 1101 1019 1151 ducis
1053 1103 1252 1151 advolat
1285 1103 1462 1151 ardens
1667 1123 1746 1166 555

97 1177 249 1226 Arcas
284 1194 435 1241 eques
470 1196 768 1244 causamque
803 1183 959 1232 refert.
1031 1191 1135 1231 tum
1170 1199 1404 1246 squamea
1439 1185 1643 1233 demum

10 1247 16 1301 J
96 1263 261 1307 torvus
295 1260 359 1307 ad
394 1276 643 1309 armorum
678 1261 841 1311 radios
876 1263 1226 1326 fremitumque
1260 1263 1475 1312 virorum

16 1374 17 1377 η
93 1339 220 1387 colla
254 1348 451 1388 movet:
497 1340 622 1404 rapit
656 1341 843 1404 ingenti
878 1342 1140 1392 conamine
1175 1360 1360 1403 saxum,

7 1422 9 1464 ξ
93 1433 193 1481 quo
227 1417 465 1468 discretus
499 1437 626 1484 ager,
663 1438 943 1485 vacuasque
978 1422 1186 1486 impellit
1222 1423 1273 1471 in
1308 1440 1451 1473 auras

8 1519 9 1523 ¹
90 1499 270 1549 arduus
307 1500 681 1564 Hippomedon,
719 1519 820 1566 quo
855 1503 1050 1552 turbine
1084 1503 1262 1553 bellica
1297 1506 1553 1568 quondam
1660 1513 1743 1569 560

6 1566 9 1575 ¹
88 1578 248 1629 librati
282 1581 461 1630 saliunt
494 1591 744 1645 portarum
779 1582 831 1631 in
866 1585 1075 1633 claustra
1110 1587 1332 1634 molares.

3 1675 7 1731 ⁴j
86 1676 223 1726 cassa
257 1661 396 1711 ducis
430 1661 613 1711 virtus:
659 1663 757 1712 iam
794 1663 962 1713 mollia
995 1667 1122 1714 colla
1156 1667 1346 1715 refusus

2 1732 7 1785 ἶ
85 1739 137 1790 in
171 1750 360 1805 tergum
395 1759 595 1807 serpens
629 1745 913 1794 venientem
949 1755 1169 1796 evaserat
1204 1747 1372 1796 ictum.

29 1887 33 1890 q
85 1821 170 1871 dat
204 1821 419 1872 sonitum
454 1825 610 1884 tellus,
649 1842 1008 1890 nemorumque
1043 1844 1130 1892 per
1163 1827 1273 1878 avia
1307 1827 1450 1877 densi

3 1920 4 1938 ³
81 1900 341 1951 dissultant
375 1920 541 1953 nexus.
616 1908 628 1932 ‘
646 1907 714 1954 At
748 1923 851 1955 non
886 1923 997 1955 mea
1030 1909 1256 1957 vulnera'
1292 1910 1471 1957 clamat
1653 1917 1733 1972 565

3 1992 5 1994 ’
81 1990 131 2031 et
164 1983 302 2031 trabe
335 1983 550 2032 fraxinea
585 1986 846 2048 Capaneus
882 1987 1014 2036 subit
1049 1987 1223 2037 obvius
1263 1992 1275 2014 ‘
1292 2005 1530 2052 umquam

0 2066 1 2071 ’
81 2061 294 2125 effugieS‚
333 2079 419 2112 seu
454 2072 507 2112 tu
542 2065 707 2127 pavidi
741 2067 870 2115 ferus
904 2066 1068 2116 incola
1101 2067 1212 2127 luci,

81 2139 182 2190 sive
217 2142 337 2203 deis,
375 2143 664 2208 utinamque
699 2145 820 2206 deis,
858 2163 1094 2197 concessa
1127 2150 1369 2212 voluptas,

6 2221 7 2265 J
79 2236 194 2281 non,
232 2221 272 2270 si
306 2232 587 2273 consertum
623 2242 768 2289 super
802 2228 924 2276 haec
959 2228 1081 2276 mihi
1116 2230 1338 2278 membra
1375 2229 1587 2294 Giganta

76 2301 403 2352 subveheres.'
469 2306 602 2354 volat
635 2307 776 2355 hasta
810 2315 1022 2358 tremens
1058 2317 1110 2358 et
1142 2309 1328 2358 hiantia
1363 2311 1570 2360 monstri
1644 2329 1725 2375 570

75 2396 160 2430 ora
193 2382 325 2431 subit
359 2383 652 2448 linguaeque
687 2395 820 2436 secat
854 2389 954 2437 fera
987 2388 1149 2438 vincla
1183 2389 1426 2452 trisulcae,

71 2477 258 2524 perque
291 2462 432 2512 iubas
466 2465 638 2514 stantis
674 2466 946 2531 capitisque
981 2468 1172 2533 insigne
1207 2471 1398 2520 corusci

71 2540 262 2602 emicat,
299 2552 348 2592 et
382 2544 506 2608 nigri
540 2545 676 2595 sanie
710 2549 906 2611 perfusa
940 2549 1126 2598 cerebri

120 2681 200 2720 544
228 2671 344 2711 audit
361 2670 406 2710 N
536 2675 617 2723 556
644 2679 733 2712 tum
751 2674 817 2714 P:
846 2680 946 2714 tunc
965 2691 996 2714 ω
1157 2681 1233 2728 561
1264 2679 1414 2719 vibrati
1437 2679 1686 2734 Oudendorp
1709 2699 1719 2723 :

0 2746 5 2775 k
71 2722 212 2764 ‘iacti’
231 2725 354 2803 schgl.
377 2726 418 2776 Q
606 2729 686 2776 562
715 2728 833 2767 ducis
853 2729 918 2770 P:
951 2729 1046 2769 duci
1071 2731 1191 2794 BN3S
1209 2747 1219 2771 z
1253 2733 1349 2773 duci
1372 2735 1411 2786 (s
1430 2739 1657 2788 suprascr.)
1681 2737 1720 2786 Q

0 2883 2 2887 ,
64 2777 303 2871 mm
339 2835 419 2884 5⁶4
444 2781 539 2874 Ξῗῑῖ
553 2787 746 2875 ἕὲῖνέ
759 2782 898 2876 9ἕὲἶέ
914 2784 1172 2889 zssssss’sff·
1193 2786 1405 2891 Ba‘hrsegg
1423 2789 1717 2884 2123323354‘

0 2890 4 3010 ξ
64 2885 377 2990 ,νοιεζῖῗετίἕεα
474 2900 556 2939 573
585 2902 704 2939 mgra
722 2889 765 2928 Α
1580 2952 1607 2990 9
