1884 3204
1000 81 1486 133 ACHILLEIDOS
1524 85 1739 134 LIBER
1778 89 1801 135 Ι

238 219 315 267 vel
351 217 459 268 talis
493 217 673 268 vidisse
708 218 856 281 cupit.
928 217 1127 281 iamque
1161 219 1282 269 atria
1316 222 1504 270 fervent
1720 239 1798 284 755

237 297 384 361 regali
419 298 622 362 strepitu
658 307 707 348 et
741 298 876 362 picto
911 298 1238 348 discumbitur
1273 311 1420 361 ostro,

233 393 348 427 cum
383 387 521 442 pater
553 379 622 428 ire
656 379 794 428 iubet
828 388 967 428 natas
1002 380 1311 447 comitesque
1343 382 1548 444 pudicas

232 467 470 508 natarum.
541 460 768 520 subeunt,
807 461 978 523 quales
1015 460 1270 510 Maeotide
1305 462 1425 525 ripa,

153 547 205 600 85
229 555 343 588 cum
379 540 631 604 Scythicas
667 557 870 604 rapuere
902 542 1080 590 domos
1117 550 1166 590 et
1202 551 1346 605 capta
1384 545 1622 593 Getarum

230 620 439 681 moenia,
478 621 704 686 sepositis
739 624 1000 685 epulantur
1034 624 1313 672 Amazones
1349 624 1510 674 armis.
1709 634 1789 688 760

227 709 333 749 tum
368 719 484 751 vero
518 702 714 752 intenso
748 705 911 754 vultus
946 719 1004 752 ac
1039 712 1241 766 pectora
1274 703 1442 752 Vlixes

226 781 456 844 perlibrat
489 783 611 844 visu,
649 786 737 833 sed
773 800 872 832 nox
905 783 1156 847 inlataque
1191 786 1366 833 fallunt

223 861 412 911 lumina
445 873 495 913 et
529 866 776 928 extemplo
811 863 951 913 latuit
987 881 1217 914 mensura
1250 864 1512 914 iacentum.

143 960 196 1003 90
219 951 270 991 at
304 951 471 992 tamen
507 954 824 1008 erectumque
859 961 1008 1007 genas
1045 945 1301 1009 oculisque
1335 956 1595 1010 vagantem

218 1025 452 1087 nullaque
486 1025 688 1089 virginei
723 1036 998 1075 servantem
1034 1025 1172 1090 signa
1206 1027 1408 1090 pudoris
1532 1015 1537 1019 ”
1700 1036 1779 1091 7⁶5

216 1105 386 1168 defigit
420 1105 689 1170 comitique
725 1107 930 1171 obliquo
964 1107 1151 1156 lumine
1186 1117 1440 1158 monstrat.

214 1187 352 1248 quod
387 1186 481 1236 nisi
514 1187 832 1251 praecipitem
868 1190 1054 1239 blando
1089 1191 1348 1253 complexa
1382 1199 1607 1240 moneret

214 1266 491 1317 Deidamea
524 1269 635 1318 sinu
669 1272 955 1333 nudataque
988 1279 1189 1332 pectora
1223 1287 1417 1333 semper

131 1367 185 1409 95
212 1358 524 1413 exsertasque
558 1367 734 1400 manus
768 1367 1064 1414 umerosque
1097 1350 1149 1398 in
1183 1360 1319 1400 veste
1349 1360 1537 1400 teneret

209 1439 259 1479 et
292 1430 489 1494 prodire
523 1431 640 1480 toris
676 1440 724 1481 et
758 1448 962 1495 poscere
996 1431 1110 1479 vina
1143 1440 1328 1480 vetaret
1690 1451 1769 1494 770

207 1511 402 1575 saepius
438 1521 487 1561 et
520 1511 669 1561 fronti
703 1511 885 1562 crinale
919 1521 1178 1575 reponeret
1206 1529 1395 1572 aurum,
1468 1504 1471 1507 ’

205 1593 447 1656 Argolicis
482 1594 694 1643 ducibus
728 1591 827 1642 iam
863 1603 982 1643 tunc
1017 1594 1256 1657 patuisset
1289 1594 1525 1644 Achilles.

270 1676 338 1723 Vt
373 1676 566 1738 placata
599 1676 754 1724 fames
789 1675 947 1738 epulis
982 1674 1059 1723 bis
1095 1684 1267 1738 terque
1301 1675 1528 1739 repostis,

106 1772 182 1801 100
206 1771 288 1804 rex
321 1755 453 1819 prior
485 1755 769 1819 adloquitur
801 1755 1082 1819 paterisque
1117 1758 1338 1805 hortatur
1371 1756 1626 1807 Achivos:

200 1836 442 1886 ‘Invideo
476 1836 660 1896 vestris,
698 1839 869 1898 fateor,
904 1838 1085 1887 decora
1118 1837 1286 1886 inclita
1320 1838 1479 1901 gentis
1682 1857 1757 1901 775

198 1908 470 1982 Argolicae,
509 1917 726 1981 coeptis:
769 1917 958 1967 utinam
994 1928 1043 1968 et
1078 1918 1200 1966 mihi
1234 1919 1404 1967 fortior
1437 1929 1584 1980 aetas,

195 2015 424 2062 quaeque
457 1999 561 2059 fuit,
602 2001 824 2062 Dolopas
860 2016 974 2048 cum
1011 2000 1176 2063 Scyria
1210 2000 1351 2049 litora
1385 2002 1586 2051 adortos

193 2080 468 2144 perdomui,
506 2079 725 2144 fregique
760 2080 913 2140 vadis,
952 2098 1080 2144 quae
1116 2081 1269 2145 signa·
1288 2081 1526 2145 triumphi

96 2181 170 2221 105
195 2161 384 2211 vidistis
419 2163 551 2211 celsa
587 2179 838 2211 murorum
874 2161 925 2210 in
960 2164 1134 2222 fronte,
1173 2162 1374 2212 carinas.

114 2304 116 2306 q
189 2245 364 2292 saltem
399 2243 440 2291 si
475 2243 688 2303 suboles,
725 2252 896 2306 aptum
933 2260 1082 2306 quam
1118 2243 1310 2292 mittere
1346 2244 1547 2293 bello—
1668 2256 1748 2308 780

144 2374 224 2423 756
252 2379 369 2413 ostro
390 2389 420 2412 ω
440 2386 449 2411 t
478 2373 597 2422 aulro
618 2372 661 2411 P
675 2371 833 2424 (nonne
850 2378 995 2413 austro
1016 2373 1235 2423 praebebat
1265 2374 1527 2426 archetypum
1545 2374 1578 2428 ἓ)
1666 2379 1745 2426 760

11 2434 16 2439 ’
87 2428 320 2479 suppositis
340 2427 466 2479 codd,
482 2440 582 2466 corr.
604 2426 814 2466 Schrader
988 2429 1063 2477 761
1095 2434 1195 2467 tunc
1214 2428 1256 2466 E
1387 2429 1554 2470 intenso
1563 2429 1681 2480 falso
1700 2432 1742 2470 E

905 2491 928 2514 Ο

84 2522 225 2563 tribuit
234 2523 411 2563 Schenkl
426 2537 435 2562 :
463 2523 650 2562 intentos
663 2524 704 2562 P
721 2536 729 2561 :
757 2522 945 2562 intentus
967 2522 1005 2573 Q
1024 2538 1032 2562 ε
1061 2523 1251 2564 intentus
1269 2523 1317 2563 K
1326 2524 1417 2565 dett.
1436 2526 1555 2577 vulg(
1663 2529 1740 2576 762

83 2578 286 2628 perlibrat
304 2577 347 2615 P
363 2591 372 2615 :
398 2578 578 2628 perlibat
602 2578 640 2628 Q
661 2592 669 2616 ε
699 2577 859 2627 perliba
877 2577 924 2615 K
938 2591 1034 2616 cum
1057 2591 1140 2618 ras.
1335 2582 1412 2629 763
1441 2581 1652 2619 iacentum
1670 2582 1736 2620 P:

82 2632 259 2672 iacentis
292 2646 323 2669 ω
520 2633 597 2680 764
627 2637 815 2670 erectum
854 2644 990 2681 genas
1019 2633 1061 2671 E
1249 2634 1327 2684 767
1358 2634 1471 2684 quod
1501 2634 1596 2673 Ecu:
1636 2635 1737 2685 quid

80 2685 123 2724 P
256 2687 334 2736 768
363 2692 556 2736 tempora
574 2697 747 2735 semper
765 2685 808 2723 P
951 2699 1028 2735 772
1056 2692 1188 2726 exstat
1205 2687 1249 2726 in
1271 2687 1312 2726 E
1322 2694 1389 2738 pr.
1408 2701 1482 2739 m.,
1504 2689 1549 2726 in
1569 2689 1732 2730 Monac.

84 2752 225 2792 14557,
248 2741 292 2779 in
323 2756 353 2779 ω
380 2753 449 2779 rec.
476 2753 533 2778 m.
562 2753 697 2791 marg.
718 2744 755 2779 et
772 2740 986 2779 nonnullis
1019 2754 1094 2781 rec.
1123 2747 1217 2794 aet.‚
1254 2755 1339 2782 om.
1361 2742 1412 2783 P.
1469 2742 1603 2782 Eicere
1621 2743 1742 2782 nolui

81 2807 156 2844 775
178 2795 274 2837 incli
295 2795 403 2845 (sine
421 2807 490 2832 ras
506 2793 577 2844 )E
739 2796 816 2843 778
843 2795 1085 2847 interpunxi
1095 2796 1187 2845 fere
1204 2800 1251 2835 ut
1269 2795 1736 2836 Wz'lamowaz-Mallen-

77 2848 194 2900 dorff
346 2861 425 2899 779
451 2848 566 2888 celsa
586 2853 650 2888 n:
678 2849 815 2888 celsas
834 2864 865 2887 ω
1002 2851 1081 2900 780
1110 2857 1251 2902 aptum
1273 2856 1311 2890 Π
1333 2864 1342 2890 :
1369 2857 1508 2902 aptam
1526 2867 1557 2890 ω
