1884 3204
997 58 1410 106 THEBAIDOS
1449 59 1663 106 LIBER
1702 60 1725 105 I

0 238 3 246 ,
75 194 247 243 erravit
281 193 454 256 pietas,
487 209 579 241 nec
614 194 759 254 culpa
793 191 1058 254 nepotibus
1094 192 1270 240 obstat.
1646 202 1727 253 690

15 296 22 317 ι
74 283 127 323 tu
162 275 315 322 modo
349 271 597 322 dissimilis
632 272 778 321 rebus
814 288 1029 320 mereare
1064 271 1294 320 secundis

73 370 303 404 excusare
337 363 462 402 tuos.
533 354 621 402 sed
655 352 753 401 iarn
789 361 988 401 temone
1024 352 1202 415 supino

0 455 20 476 ι·
73 437 270 498 languet
306 434 660 497 Hyperboreae
694 432 909 496 glacialis
946 432 1151 496 portitor
1185 436 1355 481 Vrsae.

7 485 33 899 ἓ

69 514 262 564 fundite
295 513 409 562 vina
441 514 581 574 focis,
617 522 1012 576 servatoremque
1047 522 1305 576 parentum

72 594 314 644 Letoiden
350 594 476 643 votis
511 594 787 656 iterumque
822 592 1110 656 iterumque·
1135 594 1384 642 canamus.
1646 601 1726 654 695

34 664 39 667 ⁶
72 676 275 724 Phoebe
309 692 497 738 parens,
538 692 624 724 seu
661 683 709 723 te
747 674 925 737 Lyciae
963 677 1166 723 Patarea
1201 674 1385 723 nivosis
1412 698 1414 702 v

71 765 297 805 exercent
332 758 533 805 dumeta
567 754 704 818 iugis,
745 772 831 803 seu
868 771 975 803 rore
1011 755 1195 818 pudico

73 836 318 886 Castaliae
354 838 506 885 flavos
542 853 680 885 amor
716 845 790 885 est
825 835 915 885 tibi
952 853 1170 899 mergere
1205 836 1369 897 crinis,

10 923 19 982 ζ’
57 903 156 966 seu
192 917 393 966 Troiam
428 918 770 981 Thymbraeus
806 917 972 976 habes,
1011 917 1098 966 ubi
1132 919 1264 966 fama
1298 919 1547 966 volentem

70 997 269 1061 ingratis
306 998 542 1062 Phrygios
578 997 758 1047 umeris
796 997 1005 1046 subiisse
1041 998 1251 1058 molaris,
1647 1017 1727 1061 700

27 1110 40 1116 -
69 1094 155 1127 seu
190 1078 323 1127 iuvat
357 1082 611 1143 Aegaeum
648 1078 826 1128 feriens
863 1078 1101 1127 Latonius
1137 1079 1314 1128 umbra

71 1159 296 1222 Cynthus
332 1169 380 1208 et
414 1161 663 1209 assiduam
699 1162 874 1222 pelago
909 1176 1012 1208 non
1049 1176 1282 1222 quaerere
1319 1162 1516 1209 Delon:

70 1241 166 1288 tela
201 1239 290 1288 tibi
325 1242 570 1304 longeque
605 1242 733 1289 feros
769 1242 1033 1289 lentandus
1070 1240 1120 1288 in
1157 1241 1314 1289 hostis

68 1337 221 1380 arcus,
260 1330 308 1370 et
342 1321 545 1370 aetherii
579 1327 716 1370 dono
751 1338 940 1369 cessere
974 1330 1201 1383 parentes

67 1411 321 1450 aeternum
357 1404 528 1451 florere
562 1418 726 1464 genas.
798 1411 851 1450 tu
888 1403 1064 1450 doctus
1101 1401 1295 1465 iniquas
1651 1404 1724 1463 705

70 1485 330 1531 Parcarum
365 1499 630 1546 praenosse
666 1499 842 1531 manus
876 1484 1133 1545 fatumque
1168 1484 1305 1546 quod
1341 1484 1466 1531 ultra
1501 1493 1575 1532 est

68 1573 116 1612 et
151 1581 347 1613 summo
382 1563 619 1627 placitura
655 1563 777 1623 Iovi,
816 1563 926 1626 quis
961 1563 1119 1612 letifer
1151 1581 1324 1624 annus,

67 1645 196 1694 bella
230 1645 410 1708 quibus
444 1644 655 1708 populis,
693 1661 822 1708 quae
858 1654 1051 1693 mutent
1087 1654 1280 1708 sceptra
1315 1655 1554 1694 cornetae.

67 1731 120 1774 tu
157 1727 348 1790 Phryga
381 1726 628 1775 submittis
665 1725 893 1785 citharae,
932 1735 985 1774 tu
1021 1726 1188 1774 matris
1223 1726 1401 1776 honori

67 1807 355 1871 terrigenam
392 1807 576 1870 Tityon
612 1807 788 1870 Stygiis
824 1807 1048 1856 extendis
1083 1807 1291 1856 harenis.
1648 1824 1728 1868 710

9 1894 13 1898 '
66 1897 115 1937 te
149 1887 315 1937 viridis
352 1890 548 1951 Python
583 1889 926 1950 Thebanaque
962 1897 1116 1937 mater
1157 1898 1389 1937 ovantem

66 1968 251 2018 horruit
286 1969 336 2016 in
371 1969 622 2032 pharetris.
695 1969 839 2017 ultrix
873 1969 962 2017 tibi
998 1979 1136 2018 torva
1172 1971 1404 2032 Megaera

65 2049 285 2098 ieiunum
323 2051 572 2112 Phlegyan
609 2050 777 2098 subter
811 2067 931 2098 cava
967 2067 1082 2098 saxa
1117 2049 1364 2099 iacentem

65 2140 266 2180 aeterno
300 2130 478 2193 premit
511 2130 743 2179 accubitu
779 2130 1090 2194 dapibusque
1124 2131 1342 2194 profanis

66 2211 350 2271 instimulat,
387 2213 476 2260 sed
511 2211 662 2260 mixta
696 2213 878 2260 famem
912 2211 1108 2260 fastidia
1142 2212 1359 2261 vincunt.
1647 2231 1724 2274 715

65 2292 214 2354 adsis,
249 2309 280 2341 o
316 2309 506 2341 mernor
541 2292 755 2355 hospitii,
795 2292 1109 2355 Iunoniaque
1144 2310 1259 2341 arva

65 2375 234 2423 dexter
267 2390 414 2432 ames,
455 2390 541 2422 seu
577 2382 625 2421 te
661 2389 857 2421 roseum
893 2372 1075 2421 Titana
1110 2373 1275 2422 vocari

59 2453 221 2518 gentis
256 2453 623 2502 Achaemeniae
658 2453 765 2513 ritu,
805 2470 892 2502 seu
928 2463 1142 2516 praestat
1179 2454 1363 2503 Osirim

27 2600 30 2604 ⁴
63 2534 358 2598 frugiferum,
396 2551 482 2583 seu
519 2534 715 2584 Persaei
751 2536 843 2583 sub
879 2534 1083 2598 rupibus
1125 2535 1251 2583 antri

64 2615 316 2679 indignata
351 2618 490 2679 sequi
527 2625 840 2679 torquentem
878 2633 1063 2664 cornua
1100 2616 1369 2665 Mithram.'
1568 2673 1571 2675 ,
1644 2636 1722 2679 720

115 2747 195 2794 692
223 2745 298 2783 sed
319 2745 400 2783 iam
421 2744 509 2784 edd.
531 2745 644 2796 vulg.
666 2759 675 2783 :
705 2745 831 2783 etiam
851 2743 967 2794 PQS
984 2759 994 2784 t
1023 2751 1066 2784 et
1086 2745 1167 2783 iam
1187 2745 1319 2784 BDK
1427 2759 1507 2795 700
1526 2746 1719 2787 instratis

58 2799 227 2848 Jortin:
256 2802 267 2823 ⁴
282 2800 564 2838 emuneratis’
587 2800 708 2838 schol.
730 2799 774 2837 D
994 2812 1071 2849 702
1101 2813 1212 2838 nunc
1232 2813 1440 2849 quaerere
1469 2799 1719 2841 Kohlmann

63 2866 140 2903 704
169 2853 356 2903 parentis
383 2853 512 2893 Barth
537 2852 677 2892 Weber
854 2866 931 2903 705
960 2866 1095 2903 genae
1130 2853 1288 2893 Weber:
1330 2861 1531 2894 aeternae
1565 2857 1719 2895 florere

59 2920 192 2958 genae
224 2908 470 2947 Lachmann
650 2921 728 2959 719
758 2908 928 2947 Persaei
957 2909 1022 2947 P:
1051 2909 1193 2958 persei
1220 2914 1302 2948 cett.
