1884 3204
999 43 1412 92 THEBAIDOS
1449 44 1662 92 LIBER
1699 47 1772 94 VI

124 196 366 250 concurrit
400 211 619 245 summos
654 192 934 242 animosum
969 191 1117 256 frigus
1153 192 1204 240 in
1239 202 1384 240 artus.
1694 214 1769 255 395

100 278 208 343 ‚qui
241 274 467 335 dominis,
506 274 638 324 idem
673 275 818 323 ardor
853 272 992 336 equis
1009 291 1023 333 3
1069 274 1176 321 face
1211 272 1398 321 lumina
1433 282 1649 336 surgunt,

122 374 206 409 ora
239 365 415 407 sonant
450 371 627 414 morsu,
669 353 956 417 spumisque
991 362 1040 401 et
1075 352 1311 415 sanguine
1347 354 1526 400 ferrum

121 437 284 496 uritur,
321 434 517 500 impulsi
552 442 806 497 nequeunt
841 433 1078 482 obsistere
1113 442 1280 496 postes

119 517 435 580 claustraque,
474 531 783 579 compressae
818 515 1108 562 transfumat
1140 512 1386 562 anhelitus
1422 512 1533 561 irae.

90 606 240 647 stare
273 598 400 646 adeo
435 595 667 645 miserum
703 603 789 655 est,
827 602 1035 657 pereunt
1069 592 1273 656 vestigia
1308 592 1442 641 mille
1683 614 1765 654 400

115 687 230 736 ante
263 678 442 740 fugam,
479 675 837 738 absentemque
872 674 981 723 ferit
1015 673 1172 737 gravis
1209 675 1392 736 ungula
1429 690 1676 736 campum.

117 757 431 808 circumstant
466 757 566 817 fidi,
603 773 857 820 nexusque
894 765 942 805 et
978 764 1104 806 torta
1139 754 1365 804 iubarum

26 864 31 883 ‹
107 835 381 902 eXpediunt
416 839 711 900 firmantque
745 836 938 886 animos
975 845 1023 886 et
1058 835 1268 900 plurima
1304 844 1590 884 monstrant.

182 918 409 968 Insonuit
443 928 614 968 contra
648 919 957 981 Tyrrhenum
995 934 1216 965 murmur
1251 925 1299 965 et
1335 932 1514 966 omnes

78 1000 80 1002 ’
113 999 348 1050 exsiluere
382 999 507 1048 loco.
580 1015 707 1062 quae
742 1007 934 1047 tantum
971 999 1172 1046 carbasa
1207 1006 1377 1060 ponto,
1689 1016 1771 1059 405

83 1087 240 1144 'quae
275 1080 407 1129 bello
443 1079 512 1129 sic
548 1082 646 1129 tela
679 1081 859 1139 volant,
899 1095 1027 1142 quae
1063 1078 1234 1127 nubila
1269 1079 1445 1127 caelo?

112 1159 341 1210 amnibus
375 1160 592 1209 hibernis
629 1159 789 1209 minor
823 1168 909 1220 est,
951 1159 1111 1208 minor
1145 1158 1359 1222 impetus
1395 1158 1508 1222 igni,

112 1238 296 1290 tardius
330 1250 458 1289 astra
492 1242 690 1300 eadunt,
728 1242 1060 1304 glomerantur
1094 1239 1279 1288 tardius
1314 1239 1509 1299 imbres,

112 1321 295 1371 tardius
330 1338 359 1370 e
393 1338 590 1370 summo
625 1322 890 1370 decurrunt
931 1320 1136 1369 flumina
1176 1329 1358 1368 monte.

178 1402 398 1451 Emissos
433 1401 598 1451 videre
632 1411 785 1464 atque
818 1418 1061 1465 agnovere
1099 1399 1303 1463 Pelasgi.
1682 1423 1770 1471 410¹

111 1492 160 1533 et
194 1482 291 1532 iam
317 1482 450 1546 -rapti
485 1481 655 1542 oeuliS,
692 1482 790 1530 iam
827 1498 977 1531 caeco
1012 1483 1212 1545 pulvere
1249 1481 1386 1529 mixti

110 1581 208 1614 una
242 1564 293 1613 in
329 1565 461 1613 nube
495 1566 660 1624 latent,
698 1566 960 1627 vultusque
994 1563 1255 1612 umbrante
1290 1566 1503 1613 tumultu
1536 1566 1538 1568 ’

108 1645 186 1696 vix
221 1646 346 1695 inter
380 1661 487 1695 sese
521 1647 735 1695 clamore
770 1653 819 1694 et
854 1644 1057 1694 nomine
1093 1653 1319 1693 noscunt.

109 1729 331 1777 evolvere
364 1727 581 1790 globum,
621 1735 671 1776 et
705 1726 863 1790 spatio
900 1742 1001 1790 quo
1037 1725 1248 1789 quisque
1284 1726 1478 1775 valebat

37 1867 41 1871 .
107 1807 297 1858 diducti
333 1807 486 1865 (delet
521 1810 683 1857 sulcos
720 1809 890 1857 iterata
923 1807 1107 1871 priores
1681 1830 1762 1871 4¹5

107 1887 304 1954 orbita),
338 1906 472 1938 nunc
505 1889 636 1938 avidi
671 1879 829 1953 prono
864 1888 978 1951 iuga
1011 1896 1212 1951 pectore
1248 1897 1466 1952 tangunt,

107 1986 241 2018 nunc
275 1977 525 2033 pugnante
558 1986 689 2033 genu
724 1979 772 2018 et
808 1969 985 2032 pressis
1021 1968 1335 2032 duplicantur
1369 1969 1589 2018 habenis.

107 2053 234 2100 colla
269 2050 386 2099 toris
420 2049 592 2098 crinita
626 2059 832 2110 tument,
870 2050 1142 2113 stantisque
1177 2050 1382 2113 repectit

107 2148 224 2181 aura
258 2131 411 2190 iubas,
449 2130 575 2180 bibit
610 2132 819 2180 albentis
855 2133 1035 2180 humus
1070 2131 1207 2181 arida
1241 2130 1454 2180 nimbos

106 2214 161 2262 fit
196 2229 346 2262 sonus
381 2211 707 2275 immanisque
741 2215 926 2276 pedum
960 2213 1220 2275 tenuisque
1254 2222 1482 2261 rotarum.
1678 2236 1762 2274 420

106 2295 240 2343 nulla
275 2310 424 2341 manu
461 2292 666 2356 requies,
705 2293 870 2342 densis
904 2293 1120 2342 insibilat
1154 2296 1237 2342 aer

157 2435 239 2472 399
268 2434 537 2472 compressae
570 2423 643 2472 (al.
669 2436 726 2461 m.
749 2422 1000 2473 conplexae)
1022 2421 1066 2460 P
1257 2435 1338 2471 400
1365 2423 1473 2461 adeo
1507 2423 1692 2462 invisum
1712 2425 1755 2463 A

74 2488 77 2489 ’
104 2489 183 2526 407
213 2476 319 2515 iovis
349 2479 572 2528 (suprascr.
603 2477 632 2522 †
653 2477 792 2515 minor
810 2475 895 2516 ead.
918 2478 998 2528 m.)
1017 2476 1202 2527 impetus
1224 2476 1267 2515 D
1289 2492 1298 2516 ε
1327 2480 1349 2516 ἓ
1372 2477 1476 2515 iovis
1507 2478 1678 2527 inpetus
1697 2478 1760 2516 Ν2

40 2574 42 2577 ,
105 2530 319 2578 (lacunam
339 2531 554 2580 reliquerat
569 2529 627 2568 N¹
649 2545 658 2569 :
687 2538 711 2569 e
730 2537 819 2581 sup.
839 2531 863 2569 l.
885 2543 954 2569 rec.
981 2531 1060 2583 m.)
1204 2544 1284 2581 409
1313 2544 1336 2569 e
1359 2544 1521 2570 summo
1542 2561 1551 2570 .
1578 2561 1587 2570 .
1610 2539 1755 2572 monte

101 2583 185 2623 PD
200 2598 209 2623 :
229 2583 272 2622 in
287 2597 473 2623 summos
489 2614 499 2624 .
518 2613 529 2624 .
548 2590 714 2623 montes
727 2583 908 2635 BKNQ,
929 2584 977 2623 de
990 2584 1027 2624 S
1040 2599 1124 2624 non
1139 2586 1262 2635 liquet
1342 2585 1516 2623 fulmina
1531 2585 1570 2634 Q
1582 2586 1711 2637 Prag.
1729 2600 1754 2635 4

102 2637 280 2689 (Rzaclt)
311 2638 401 2678 dett.
433 2651 598 2677 versum
628 2643 848 2689 tamquam
878 2653 928 2678 ex
955 2639 1061 2679 Hor.
1089 2639 1131 2679 C.
1164 2640 1217 2679 iv.
1242 2653 1277 2678 2.
1301 2650 1326 2688 5
1343 2640 1559 2689 confictum
1578 2639 1758 2684 damnat

101 2691 265 2742 Bentley
383 2705 463 2742 413
493 2693 719 2732 clamorem
753 2692 795 2730 P
914 2706 993 2742 414
1021 2694 1189 2733 valebat
1219 2692 1324 2731 PD:
1383 2693 1552 2732 volebat
1583 2693 1748 2744 BQNA

101 2758 182 2796 415
202 2747 369 2786 deducti
385 2746 428 2784 P
514 2760 592 2796 417
612 2760 724 2796 genu
739 2752 782 2784 et
799 2749 958 2797 pressis
970 2747 1051 2786 PA
1071 2763 1081 2788 ε
1111 2748 1249 2798 genus
1262 2748 1421 2798 pressis
1444 2748 1554 2797 (fuit
1563 2761 1702 2798 genus
1718 2751 1750 2798 2)

98 2799 169 2839 N:
195 2813 308 2851 genu
328 2801 487 2851 pressis
505 2806 587 2841 cett.
713 2803 794 2851 418
814 2802 991 2842 reflectit
1012 2802 1052 2853 Q
1187 2814 1264 2853 421
1297 2815 1419 2841 manu
1442 2801 1519 2853 ΡΩ
1541 2802 1606 2854 (ef.
1627 2802 1751 2855 Prop.

103 2852 144 2894 ii.
171 2866 205 2897 1.
222 2857 294 2907 66>
318 2869 327 2894 :
357 2868 505 2895 manus
525 2855 700 2895 BDKN
