1884 3204
1084 48 1495 97 THEBAIDOS
1538 49 1752 97 LIBER
1796 51 1818 98 I

173 202 256 235 ore
290 198 451 247 vapor,
491 197 591 244 quo
626 183 772 244 longa
806 180 909 230 sitis
944 181 1204 245 morbique
1238 184 1492 245 famesque

173 274 220 315 et
254 262 448 328 populis
483 277 614 310 mors
648 276 749 309 una
781 260 915 309 venit
929 278 943 321 3
989 259 1111 324 riget
1144 261 1342 310 horrida
1375 271 1512 325 tergo

173 347 300 409 palla
334 352 382 392 et
417 340 627 391 caerulei
661 342 868 390 redeunt
903 340 955 388 in
989 350 1189 404 pectora
1223 341 1376 391 nodi:

173 427 386 487 Atropos
420 424 511 471 hos
545 430 694 484 atque
728 421 834 484 ipsa
868 430 1018 470 novat
1054 422 1345 485 Proserpina
1379 424 1553 472 cultus.

172 515 289 555 tunc
322 503 541 566 geminas
577 501 734 564 quatit
767 501 838 550 ira
872 518 1077 551 manus:
1130 504 1252 551 haec
1287 502 1398 566 igne
1434 502 1585 565 rogali

172 587 391 648 fulgurat,
429 585 552 631 haec
586 582 696 631 vivo
732 598 907 631 manus
941 586 1053 631 aera
1087 584 1513 646 verberat‘hydro.

238 667 305 713 Vt
339 663 484 724 stetit,
522 663 730 726 abrupta
764 679 862 725 qua
896 663 1134 726 plurimus
1169 681 1280 712 arce
1318 664 1587 714 Cithaeron

43 764 53 774 ²
92 737 95 739 Α
171 744 378 794 occurrit
412 745 562 804 caelo,
601 745 702 792 fera
735 742 873 792 sibila
913 743 1046 792 crine
1081 743 1255 792 virenti

170 824 495 888 congeminat,
533 823 727 887 signum
763 823 917 884 terris,
951 825 1086 872 unde
1121 823 1283 873 omnis
1318 824 1506 874 Achaei

171 922 254 955 ora
288 905 433 954 maris
468 907 566 953 late
602 906 916 968 Pelopeaque
951 921 1101 967 regna
1135 907 1384 954 resultant.

169 985 323 1034 audiit
357 995 406 1034 et
441 984 634 1034 medius
668 984 791 1034 caeli
826 987 1068 1034 Parnasus
1104 994 1153 1034 et
1186 1001 1329 1048 asper

171 1069 392 1127 Eurotas,
430 1065 734 1129 dubiamque
767 1065 882 1129 iugo
916 1067 1076 1129 fragor
1109 1065 1304 1129 impulit
1339 1067 1502 1115 Oeten

169 1147 220 1196 in
254 1149 393 1207 latus,
432 1156 481 1195 et
514 1146 722 1210 geminis
756 1145 835 1195 vix
869 1146 1099 1195 fluctibus
1124 1146 1314 1196 obstitit
1350 1148 1582 1196 Isthmos,

168 1228 273 1292 ipsa
308 1244 451 1276 suum
486 1227 704 1291 genetrix
738 1244 888 1276 curvo
923 1227 1158 1291 delphine
1192 1237 1451 1291 vagantem

168 1307 379 1372 abripuit
413 1308 560 1356 frenis
594 1307 880 1371 gremioque
916 1310 1216 1356 Palaemona
1249 1308 1436 1370 pressit.

213 1392 400 1452 .Atque
436 1405 494 1437 ea
530 1390 754 1438 Cadmeo
788 1404 1023 1451 praeceps
1059 1387 1145 1437 ubi
1181 1388 1398 1437 culmine
1433 1388 1647 1452 primum

169 1469 386 1520 constitit
418 1471 723 1532 adsuetaque
758 1468 926 1517 infecit
961 1469 1095 1517 nube
1129 1468 1335 1532 penatis,

169 1551 390 1615 protinus
426 1549 623 1599 attoniti
657 1551 859 1598 fratrum
896 1549 989 1598 sub
1025 1559 1224 1613 pectore
1259 1559 1438 1612 motus,

168 1631 459 1695 gentilisque
494 1630 686 1679 animos
722 1629 871 1678 subiit
906 1631 1041 1679 furor
1075 1647 1318 1694 aegraque
1353 1631 1493 1681 laetis

168 1711 350 1761 invidia
383 1721 532 1775 atque
566 1727 750 1774 parens·
777 1710 880 1760 odii
916 1720 1110 1772 metus,
1158 1711 1275 1760 inde
1310 1712 1512 1775 regendi

169 1810 340 1842 saevus
374 1809 525 1852 amor,
562 1801 834 1855 ruptaeque
869 1792 999 1841 vices
1035 1791 1250 1855 iurisque
1286 1794 1493 1842 secundi

168 1872 382 1921 ambitus
417 1872 696 1936 impatiens,
731 1882 780 1921 et
816 1888 1012 1921 summo
1047 1872 1241 1921 dulcius
1278 1883 1435 1922 unum

169 1963 293 2002 stare
328 1956 454 2014 loco,
492 1953 736 2016 sociisque
771 1969 939 2002 comes
974 1952 1220 2002 discordia
1254 1954 1427 2017 regnis.

170 2033 238 2083 sic
274 2034 359 2082 ubi
393 2036 612 2083 delectos
646 2050 733 2097 per
767 2042 904 2082 torva
938 2042 1159 2082 armenta
1192 2033 1426 2084 iuvencos

169 2114 380 2178 agricola
413 2114 645 2178 imposito
681 2113 866 2163 sociare
900 2115 1115 2163 adfectat
1150 2124 1326 2176 aratro,

168 2195 237 2244 illi
272 2195 595 2259 indignantes,
634 2195 742 2258 quis
776 2196 1002 2244 nondum
1036 2212 1234 2244 vomere
1269 2198 1426 2245 multo

168 2278 320 2325 ardua
354 2278 572 2324 nodosos
607 2275 767 2325 cervix
802 2275 1059 2324 descendit
1094 2275 1143 2324 in
1179 2293 1358 2337 armos,

169 2357 219 2405 in
254 2356 445 2405 diversa
479 2358 677 2405 trahunt
711 2365 860 2419 atque
894 2356 1064 2420 aequis
1100 2357 1296 2406 vincula
1330 2359 1494 2406 laxant

167 2437 349 2486 viribus
385 2446 433 2486 et
468 2437 602 2486 vario
636 2439 949 2486 confundunt
984 2437 1139 2486 limite
1175 2439 1368 2486 sulcos:

168 2519 301 2567 haud
336 2534 477 2566 secus
512 2517 780 2566 indomitos
815 2534 1049 2581 praeceps
1086 2517 1333 2567 discordia
1367 2520 1536 2567 fratres

1748 362 1823 391 110

1747 762 1825 802 1¹5

1749 1166 1826 1196 120

1753 1572 1825 1610 ¹²5

1755 1973 1830 2013 130

1752 2378 1827 2421 135

226 2658 301 2684 112
330 2645 392 2685 ira
412 2645 547 2685 minas
567 2648 787 2698 (suprascr.
812 2645 981 2696 manus)
1011 2646 1078 2685 B:
1108 2646 1171 2685 ira
1202 2647 1427 2698 (suprascr.
1451 2646 1541 2699 illa)
1561 2659 1724 2687 -manus
1744 2648 1828 2699 DQ

170 2701 336 2750 (manus
354 2713 404 2739 ex
423 2700 558 2739 minas
576 2713 673 2740 corr.
699 2699 786 2750 Dz)
959 2713 1034 2750 117
1064 2713 1212 2740 manus
1236 2703 1458 2752 (suprascr.
1480 2701 1557 2754 ris)
1589 2701 1628 2752 Q

168 2754 351 2804 abripuit
378 2754 563 2804 PBSQ:
591 2754 764 2804 arripuit
791 2753 836 2792 D
990 2767 1067 2805 129
1095 2768 1179 2794 uno
1208 2755 1278 2794 D:
1309 2756 1379 2794 uni
1407 2755 1610 2794 Heinsius

1752 2715 1827 2741 122

1752 2770 1827 2806 130

167 2809 310 2859 regnis
336 2806 381 2846 D
402 2808 441 2857 (s
459 2809 514 2849 al.
538 2809 616 2861 m.)
637 2822 646 2847 :
676 2809 818 2858 regnis
836 2808 1015 2860 (†regis)
1038 2808 1079 2847 A
1225 2821 1300 2860 135
1331 2810 1512 2849 indivisa
1542 2809 1581 2860 Q
1602 2811 1668 2862 (er
1683 2817 1770 2862 sup.
1792 2813 1826 2849 is

170 2862 265 2902 add.
286 2862 339 2902 al.
363 2864 444 2914 m.)
