1884 3204
102 39 156 87 P.
195 37 438 86 PAPINI
475 36 680 85 STATI

98 190 328 237 quaeque
363 172 498 223 rudis
533 174 726 235 thyrsos
761 170 957 221 hederis
993 170 1221 232 vestistiS,
1258 159 1537 221 Acharnae.

98 254 336 318 linquitur
371 253 491 303 Eois
525 255 672 317 longe
708 252 1010 316 speculabile
1044 252 1200 316 proris

99 335 305 395 Sunion,
342 336 479 384 unde
512 334 622 398 vagi
657 351 886 383 casurum
921 333 973 382 in
1008 333 1214 382 nomina
1249 332 1392 397 ponti
1676 338 1758 394 625

101 416 272 467 Cresia
306 415 504 478 decepit
538 416 662 463 falso
697 414 813 464 ratis
848 417 1019 477 Aegea
1052 416 1178 463 velo.

99 499 191 547 hos
228 495 446 546 Salamin
480 497 707 559 populos,
745 494 854 544 illos
892 494 1108 551 Cerealis
1145 493 1350 543 Eleusin

100 566 300 627 horrida
334 575 585 640 suspensis
621 578 686 625 ad
722 575 909 638 proelia
943 574 1076 624 misit
1110 574 1293 634 aratris,

99 668 150 708 et
184 674 310 722 quos
347 657 597 708 Callirhoe
633 655 841 705 noviens
878 655 1153 704 errantibus
1188 654 1336 704 undis

98 739 332 803 implicat,
370 747 420 786 et
454 747 621 801 raptae
656 736 742 799 qui
776 736 1006 785 conscius
1042 735 1296 799 Orithyiae
1680 742 1762 792 630
1845 743 1850 800 s

99 820 276 870 celavit
310 818 427 882 ripis
464 817 667 867 Geticos
704 816 867 865 Elisos
903 833 1108 865 amores.

98 903 204 966 ipse
239 915 441 963 quoque
474 897 526 946 in
560 914 751 961 pugnas
786 906 1022 945 vacuatur
1056 895 1210 956 collis,
1247 895 1335 944 ubi
1368 894 1543 959 ingens

98 983 158 1032 lis
193 996 441 1044 superum,
480 977 645 1027 dubiis
682 980 846 1027 donec
880 993 1012 1026 nova
1047 985 1263 1040 surgeret
1297 976 1443 1025 arbor

97 1061 304 1125 rupibus
339 1069 388 1109 et
422 1062 570 1122 longa
604 1061 830 1123 refugum
867 1075 1000 1107 mare
1035 1060 1277 1122 frangeret
1312 1057 1501 1107 umbra.
1849 1111 1850 1114 Ἴ

97 1142 215 1191 isset
250 1150 300 1191 et
335 1143 545 1189 Arctoas
582 1141 806 1190 Cadmea
840 1140 906 1188 ad
942 1138 1141 1188 moenia
1175 1141 1365 1188 ducens
1681 1145 1772 1197 635·
1849 1128 1853 1184 Ῐ

100 1223 377 1287 Hippolyte
412 1230 628 1270 turmas:
676 1220 854 1270 retinet
887 1219 987 1269 iam
1022 1229 1155 1269 certa
1190 1218 1427 1268 tumentis
1841 1206 1844 1208 ’

99 1321 212 1368 spes
246 1302 386 1362 uteri,
425 1301 742 1365 coniunxque
776 1309 915 1365 rogat
951 1300 1199 1350 dimittere
1233 1316 1374 1349 curas

100 1383 275 1434 Martis
311 1391 361 1432 et
395 1381 623 1431 emeritas
659 1383 878 1430 thalamo
914 1397 1104 1430 sacrare
1138 1382 1404 1444 pharetras.

167 1468 281 1515 Hos
316 1463 404 1513 ubi
438 1465 563 1512 velle
598 1463 731 1512 acies
767 1471 816 1512 et
851 1461 987 1512 dulci
1022 1461 1228 1526 gliscere
1262 1463 1391 1510 ferro

99 1549 201 1598 dux
234 1545 383 1606 videt,
421 1553 575 1607 utque
610 1543 705 1607 piis
740 1542 919 1607 raptim
955 1544 1077 1592 dent
1113 1543 1283 1592 oscula
1318 1541 1446 1590 natis
1679 1548 1763 1601 640

98 1629 455 1692 amplexusque
490 1624 665 1684 brevis,
705 1641 850 1673 curru
886 1623 957 1676 sic
991 1626 1120 1672 fatur
1153 1624 1218 1673 ab
1253 1625 1386 1672 alto:

102 1712 392 1758 ‘Terrarum
427 1708 560 1769 leges
596 1714 645 1755 et
682 1704 859 1754 mundi
893 1706 1095 1754 foedera
1129 1721 1328 1754 mecum

99 1792 363 1842 defensura
398 1788 591 1845 cohorS,
630 1785 805 1849 dignas
840 1785 1076 1835 insumite
1111 1794 1303 1835 mentes

99 1869 390 1934 coeptibus:
431 1869 526 1917 hac
561 1883 765 1916 omnem
801 1865 1073 1931 divumque
1108 1865 1472 1929 hominumque
1506 1867 1728 1916 favorem

56 1989 58 1991 -
100 1955 444 2013 Naturamque
479 1950 661 1998 ducem
698 1956 972 2011 coetusque
1008 1946 1197 1996 silentis
1232 1946 1418 1996 Averni
1513 1979 1515 1981 -
1681 1955 1762 2008 645

100 2040 227 2080 stare
262 2032 426 2094 palam
463 2038 568 2091 est3
615 2027 715 2078 illic
752 2031 1031 2077 Poenarum
1069 2026 1282 2077 exercita
1316 2025 1506 2076 Thebis

99 2111 298 2175 agmina
334 2119 382 2160 et
417 2109 744 2174 anguicomae
781 2111 974 2159 ducunt
1009 2108 1185 2158 vexilla
1220 2111 1436 2158 Sorores.

99 2192 167 2242 ite
200 2193 384 2241 alacres
421 2200 702 2255 tantaeque,
740 2206 927 2255 precor,
967 2188 1205 2239 confidite
1240 2189 1450 2238 causae.'

100 2269 236 2330 dixit,
274 2278 324 2318 et
358 2269 538 2319 emissa
571 2284 808 2333 praeceps
844 2267 935 2317 iter
969 2266 1172 2317 incohat
1206 2267 1376 2317 hasta:

154 2402 234 2450 623
264 2399 419 2449 quique
439 2398 487 2437 N
494 2400 505 2422 ¹
614 2397 807 2438 vestistis
823 2395 865 2434 P
883 2410 892 2436 :
920 2396 1088 2435 vestitis
1107 2394 1238 2446 BQN
1359 2396 1442 2443 624
1470 2394 1699 2445 spectabile
1719 2395 1762 2434 A

100 2457 180 2505 627
213 2454 399 2493 Salamin
420 2452 504 2492 PB
529 2455 575 2503 (n
598 2466 701 2492 eras.
735 2457 772 2491 et
794 2464 815 2490 s
841 2457 1044 2502 suprascr.
1066 2449 1128 2502 B)
1150 2463 1159 2488 ε
1188 2449 1360 2489 salamis
1387 2448 1515 2498 KNQ
1684 2451 1761 2499 631
1839 2485 1845 2497 „

28 2532 32 2535 -
101 2510 231 2548 elisos
250 2507 348 2558 PlQ
370 2509 414 2559 (u
432 2513 525 2559 sup.
556 2521 582 2546 o
606 2506 702 2547 add.
729 2504 809 2552 P2)
829 2519 838 2544 :
874 2506 1028 2549 elissos
1049 2504 1140 2555 (sic)
1162 2503 1204 2542 B
1224 2517 1232 2543 :
1265 2504 1417 2543 elissos
1441 2501 1535 2541 KN
1546 2517 1557 2542 2
1584 2502 1762 2557 aelissos
1844 2518 1848 2543 5

100 2563 166 2603 S:
204 2563 352 2603 Ilissos
376 2561 464 2602 edd.
630 2563 711 2610 634
740 2559 854 2600 unda
880 2559 965 2609 BQ
1126 2560 1207 2608 635
1235 2558 1372 2611 dull]
1404 2559 1525 2610 (cens
1551 2563 1645 2609 sup.
1677 2571 1760 2598 ras.
1845 2586 1849 2591 ·

101 2618 154 2657 al.
178 2617 256 2667 m.)
277 2616 316 2668 Q
461 2617 539 2666 637
570 2621 692 2664 rogat
713 2620 755 2654 et
774 2613 816 2652 P
953 2615 1036 2663 639
1063 2612 1118 2662 gl.
1141 2612 1252 2651 bello
1271 2611 1314 2650 A
1461 2613 1544 2661 640
1572 2612 1705 2661 raptis
1722 2611 1764 2649 P
1850 2646 1855 2653 „

100 2675 181 2721 643
210 2671 365 2710 cohors
378 2669 420 2708 P
438 2684 447 2708 :
476 2682 625 2709 manus
645 2684 676 2707 ω
763 2667 1000 2707 consumite
1020 2673 1214 2706 amantes
1228 2665 1270 2704 Ρ
1430 2667 1511 2714 644
1540 2666 1762 2715 coeptibus
1847 2665 1850 2667 ’

103 2726 142 2776 Q
162 2739 170 2764 :
199 2725 390 2764 coetibus
409 2723 451 2762 P
559 2724 628 2762 hic
654 2721 832 2762 Wakins
922 2722 1159 2771 ducumque
1179 2721 1227 2759 N
1229 2719 1243 2741 ²
1351 2720 1654 2770 hominumque
1673 2733 1758 2760 om.
1832 2743 1837 2754 .

103 2780 142 2829 Q
302 2781 384 2830 645
412 2778 687 2828 coetibusque
704 2776 747 2816 P
906 2777 988 2825 646
1014 2775 1254 2814 Thebarum
1275 2774 1459 2813 exercita
1477 2773 1628 2824 poenis
1646 2773 1758 2814 codd.
1845 2811 1847 2813 .

102 2833 196 2874 dett.
216 2833 413 2873 nonnulli
571 2833 649 2881 647
679 2832 837 2871 ducunt
854 2829 922 2871 P:
950 2830 1106 2871 ducent
1124 2828 1209 2880 BQ
1226 2842 1235 2868 :
1264 2829 1444 2868 educent
1462 2827 1510 2867 K
