1884 3204
969 67 1379 116 THEBAIDOS
1419 69 1633 116 LIBER
1669 67 1772 115 VII

199 207 394 258 Dicenti
429 207 662 255 maduere
694 221 863 269 genae,
901 206 1192 268 vultumque
1228 221 1314 268 per
1349 221 1549 254 omnem

0 293 7 351 g
79 341 81 344 ,
128 291 284 356 pallor
316 288 386 349 iit,
420 287 653 350 vocisque
688 302 862 349 repens
898 284 1139 348 singultus
1174 295 1398 348 apertum

127 367 382 432 intercepit
416 367 539 428 iter3
584 369 769 416 refovet
804 365 1021 429 frigentis
1057 365 1272 415 amicum

125 458 297 515 pectus
330 450 528 498 alumna
562 446 692 496 senis
708 465 721 507 3
768 446 893 496 redit
927 455 1076 508 atque
1111 445 1235 495 exile
1269 447 1519 510 profatur:

129 531 204 581 ‘O
239 528 359 578 mihi
389 528 654 578 sollicitum
690 529 842 576 decus
877 544 935 575 ac
970 543 1198 590 suprema
1232 528 1472 590 voluptas,

72 651 76 655 Α
125 609 402 674 Antigone!
448 625 577 658 seras
613 607 702 658 tibi
737 609 968 657 demoror
1002 607 1257 670 improbus
1292 607 1504 666 umbras,

104 691 222 749 ,fors
257 691 431 739 eadem
466 691 649 738 scelera
683 697 733 738 et
767 687 933 737 caedis
971 687 1158 736 visurus
1194 686 1359 746 avitaS,

100 771 285 823 donec
320 778 368 818 te
403 768 627 818 thalamis
663 768 879 817 habilem
914 767 1252 832 integramque
1287 767 1563 830 resignem:

6 892 10 902 ,
90 890 93 894 .
124 850 221 900 hoc
256 849 385 909 satis,
423 859 471 899 et
506 851 688 899 fessum
723 849 822 898 vita
857 848 1101 909 dimittite,
1142 851 1335 898 Parcae.

125 931 212 980 sed
247 931 367 980 dum
403 931 542 980 labor
575 930 717 990 iners,
755 929 927 994 quanti
960 928 1117 994 (nunc
1153 947 1269 979 ecce
1304 928 1483 992 reviso)

124 1010 420 1060 transabiere
456 1011 640 1059 duces:
688 1010 869 1060 Clonin
904 1019 1053 1072 atque
1088 1009 1138 1058 in
1175 1019 1308 1073 terga
1343 1008 1584 1059 comantis

0 1084 2 1088 ’
68 1101 70 1103 ’
124 1108 226 1140 non
261 1107 353 1154 ego
387 1091 707 1151 Abantiadas,
745 1108 847 1139 non
882 1100 944 1150 te,
983 1107 1155 1139 saxosa
1191 1092 1407 1154 Caryste,

123 1189 226 1222 non
261 1171 458 1220 humilis
493 1174 654 1235 Aegas
688 1173 942 1235 altumque
979 1172 1235 1234 Capherea
1269 1170 1381 1219 dixi.

124 1262 173 1302 et
207 1251 304 1300 iam
339 1251 469 1300 acies
504 1252 717 1300 obtunsa
752 1261 910 1315 negat,
948 1251 1213 1314 cunctique
1248 1251 1493 1311 resistunt,

124 1341 173 1382 et
207 1341 319 1380 tuus
352 1331 549 1380 armatis
584 1331 721 1380 iubet
756 1349 873 1380 ecce
909 1331 1101 1380 silentia
1135 1333 1310 1380 frater.’

190 1412 285 1461 Vix
321 1429 378 1461 ea
413 1421 541 1461 turre
577 1429 741 1473 senex,
777 1429 890 1461 curn
926 1422 1085 1461 rector
1118 1413 1182 1461 ab
1217 1429 1391 1476 aggere
1427 1412 1620 1477 coepit:

126 1492 460 1558 ‘Magnanimi
494 1510 644 1557 reges,
681 1492 862 1556 quibus
897 1494 1032 1542 haud
1066 1510 1234 1557 parere
1269 1510 1491 1543 recusem

123 1577 299 1626 ductor
333 1583 381 1623 et
415 1573 520 1637 ipse
556 1590 690 1623 meas
728 1574 866 1623 miles
903 1575 1170 1624 defendere
1206 1575 1422 1635 Thebas,

123 1668 351 1719 non'ego
384 1671 472 1703 vos
508 1653 756 1704 stimulare
791 1672 958 1718 parem
994 1653 1132 1718 (nam
1167 1655 1290 1705 liber
1324 1655 1375 1703 in
1410 1673 1546 1705 arma

122 1736 349 1800 impetus,
386 1743 435 1784 et
470 1734 666 1784 meritas
701 1737 829 1784 ultro
864 1735 1056 1785 iurastis
1091 1736 1142 1784 in
1178 1735 1307 1801 iras),

122 1833 216 1865 nec
250 1817 448 1865 laudare
483 1815 599 1864 satis
635 1815 906 1879 dignasque
942 1819 1211 1880 rependere
1246 1817 1393 1880 gratis

123 1895 395 1956 sufficiam;
440 1898 649 1944 referent
685 1896 847 1959 superi
881 1906 1169 1960 vestraeque
1206 1898 1412 1946 subacto

122 1976 266 2025 hoste
302 1993 508 2024 manus:
555 1977 728 2025 urbem
764 1977 898 2025 socia
933 1979 996 2026 de
1030 1987 1176 2041 gente
1211 1977 1408 2027 subistis

125 2055 284 2115 tutari,
322 2073 471 2119 quam
507 2073 608 2104 non
643 2056 749 2107 aliis
785 2059 1045 2120 populator
1079 2059 1145 2106 ab
1180 2057 1276 2107 oris

126 2136 326 2199 belliger
360 2146 619 2186 externave
657 2146 790 2186 satus
826 2139 1013 2198 tellure,
1052 2140 1140 2188 sed
1176 2139 1332 2188 hostis

124 2216 356 2280 indigena
389 2219 604 2276 assultat,
643 2217 723 2266 cui
759 2227 917 2267 castra
949 2221 1156 2268 adversa
1190 2220 1377 2283 regenti

125 2296 206 2345 hic
240 2306 389 2360 pater,
428 2297 508 2346 hic
542 2298 774 2360 genetrix,
813 2298 893 2347 hic
928 2298 1125 2348 iunctae
1161 2300 1309 2363 stirpe
1345 2317 1547 2360 sorores,

124 2376 207 2426 hic
241 2388 342 2426 erat
377 2387 425 2427 et
462 2379 615 2427 frater.
689 2396 835 2428 cerne
870 2397 934 2429 en
969 2380 1272 2444 ubicumque
1308 2384 1551 2431 nefandus

124 2457 370 2507 excidium
407 2458 589 2508 moliris
625 2459 756 2509 avis:
804 2476 982 2511 venere
1017 2463 1237 2511 volentes

175 2598 258 2636 359
286 2586 442 2625 dicenti
461 2586 503 2626 P
521 2601 531 2626 ε
559 2587 739 2627 dicentis
759 2587 827 2627 mS
1002 2590 1084 2638 360
1113 2602 1262 2629 recens
1285 2591 1325 2641 (c
1345 2591 1390 2629 in
1410 2592 1516 2644 ras.)
1535 2590 1583 2630 N

123 2639 347 2690 fringentis
366 2641 406 2679 P
564 2643 644 2690 362
674 2643 830 2681 exinde
849 2641 1016 2694 Bentley
1178 2647 1259 2694 363
1286 2645 1482 2684 voluntas
1501 2645 1540 2696 Q
1575 2683 1579 2685 .

119 2694 263 2745 clonin
283 2693 399 2743 PQS
415 2708 425 2734 τ
454 2694 608 2734 clomin
628 2695 734 2734 ΚΝ2
755 2710 764 2735 :
802 2697 948 2736 domiti
966 2695 1121 2736 ADNl
1258 2700 1454 2739 conantis
1472 2699 1515 2739 P

1694 293 1776 345 360

1697 691 1775 746 365

1698 1511 1778 1557 375

1703 1908 1782 1959 380

1705 2312 1780 2363 385

1701 2595 1776 2642 361

1700 2649 1783 2697 369

1701 2714 1778 2752 371

122 2759 246 2797 egras
265 2747 356 2788 DN
512 2762 592 2799 372
620 2750 826 2801 cuneique
846 2750 1050 2790 Heinsius
1189 2765 1270 2805 374
1299 2759 1435 2795 rector
1452 2753 1519 2794 P:
1549 2755 1696 2796 ductor
1714 2755 1782 2797 ωδ

122 2812 203 2854 379
230 2815 310 2853 que
330 2815 410 2843 om.
432 2802 479 2841 N
637 2804 718 2854 386
745 2804 928 2845 nefande
949 2805 992 2845 D
