1884 3204
1091 40 1502 89 THEBAIDOS
1542 43 1755 89 LIBER
1794 43 1817 90 Ι

169 183 216 223 et
251 189 494 236 nusquam
529 188 616 235 par
649 180 775 220 stare
810 176 995 234 caput?
1050 173 1147 221 iam
1185 190 1433 223 murmura
1468 187 1669 238 serpunt

167 253 322 318 plebis
358 251 642 312 Echioniae,
679 252 983 315 tacitumque
1017 270 1046 302 a
1080 253 1300 317 principe
1335 257 1507 318 vulgus

166 332 380 391 dissidet,
419 341 481 391 et,
519 331 604 395 qui
639 348 746 380 mos
781 332 991 395 populis,
1029 343 1261 382 venturus
1296 343 1498 382 amatur.
1744 357 1818 397 170

232 415 396 476 Atque
429 411 620 474 aliquis,
658 411 737 460 cui
773 428 913 461 mens
949 413 1123 461 humili
1158 414 1355 462 laesisse
1391 431 1584 463 veneno

167 510 356 543 summa
390 509 483 542 nec
517 492 774 556 impositos
810 510 1046 557 umquam
1083 494 1271 543 cervice
1307 496 1491 544 volenti

165 577 284 624 ferre
318 575 484 634 duces,
526 576 772 623 ‘Hancne
806 574 1034 637 Ogygiis'
1067 575 1135 623 ait
1175 579 1370 638 ‘aspera
1405 577 1550 626 rebus

164 657 261 704 fata
295 656 447 704 tulere
481 654 653 715 vicem,
692 654 871 703 totiens
907 664 1097 704 mutare
1132 655 1381 705 timendos

32 707 95 814 ’,ᾗ
163 737 448 798 alternoque
482 734 597 798 iugo
632 735 910 784 dubitantia
944 737 1156 785 subdere
1191 739 1358 785 colla?
1742 757 1815 801 ¹75

163 814 322 878 partiti
356 824 549 864 versant
583 817 880 879 populorum
915 818 1014 865 fata
1048 833 1299 880 manuque

162 898 405 944 fortunam
439 898 598 946 fecere
632 899 804 946 levem.
876 914 1134 961 semperne
1168 898 1382 947 vicissim

161 977 407 1026 exsulibus
442 977 618 1027 servire
654 979 849 1027 dabor?
906 978 1010 1039 tibi,
1047 996 1240 1028 summe
1275 982 1481 1029 deorum

162 1067 493 1121 terrarumque
529 1068 672 1119 sator,
710 1059 856 1108 sociis
892 1061 1020 1109 hanc
1054 1062 1237 1110 addere
1274 1071 1492 1110 mentem

161 1138 326 1187 sedit?
382 1156 446 1187 an
481 1139 598 1189 inde
633 1149 772 1189 vetus
808 1140 996 1189 Thebis
1032 1140 1310 1190 extenditur
1345 1159 1506 1200 omen,
1743 1153 1820 1191 180

161 1235 219 1267 ex
253 1235 354 1282 quo
389 1219 581 1269 Sidonii
615 1221 917 1284 nequiquam
953 1222 1136 1270 blanda
1171 1221 1366 1270 iuvenci

161 1301 378 1363 pondera
415 1302 682 1365 Carpathio
716 1302 876 1351 iussus
911 1304 1012 1351 sale
1046 1319 1279 1365 quaerere
1315 1304 1536 1353 Cadmus

159 1383 294 1430 exsul
330 1384 590 1444 Hyanteos
624 1382 811 1431 invenit
843 1400 993 1446 regna
1026 1399 1113 1446 per
1145 1400 1301 1446 agros,

159 1464 489 1526 fraternasque
523 1462 654 1512 acies
688 1464 816 1512 fetae
851 1463 1034 1511 telluris
1077 1462 1211 1511 hiatu

158 1542 413 1606 augurium
449 1560 581 1593 seros
617 1543 803 1592 dimisit
837 1545 902 1592 ad
936 1560 1094 1606 usque
1130 1547 1374 1607 nepotes?
1740 1555 1812 1603 185

158 1623 328 1682 cernis,
366 1632 421 1672 ut
455 1633 672 1673 erectum
708 1633 845 1673 torva
879 1624 973 1673 sub
1008 1626 1168 1673 fronte
1200 1624 1414 1673 minetur

158 1704 345 1753 saevior
378 1722 635 1768 assurgens
670 1707 876 1769 dempto
912 1715 1142 1754 consorte
1162 1714 1412 1768 potestas.

158 1801 279 1847 quas
312 1785 434 1848 gerit
470 1802 554 1834 ore
589 1785 760 1845 minas,
799 1795 986 1849 quanto
1022 1785 1201 1849 premit
1236 1785 1405 1834 omnia
1439 1787 1596 1834 fastu!

159 1865 302 1914 hicne
338 1882 575 1928 umquam
610 1866 826 1929 privatus
862 1867 991 1915 erit?
1049 1875 1215 1915 tamen
1252 1866 1333 1915 ille
1369 1867 1588 1929 precanti

160 1944 288 1993 mitis
323 1954 372 1994 et
405 1947 575 1995 adfatu
610 1947 772 1995 bonus
804 1955 857 1995 et
891 1946 1155 2010 patientior
1188 1946 1349 2009 aequi.
1739 1969 1817 2009 190

157 2025 278 2087 quid
312 2025 487 2074 mirum
508 2029 530 2074 ?
586 2043 689 2075 non
724 2029 856 2075 solus
892 2036 1006 2075 erat.
1079 2043 1183 2087 nos,
1222 2027 1328 2076 vilis
1364 2027 1414 2075 in
1451 2028 1612 2076 omnis

158 2114 384 2169 prompta
419 2123 594 2156 manus
629 2123 784 2167 casus,
823 2107 1029 2157 domino
1062 2107 1360 2171 cuicumque
1396 2109 1580 2171 parati:

159 2186 366 2248 qualiter
400 2187 516 2236 hinc
550 2187 741 2251 gelidus
778 2190 974 2249 Boreas,
1015 2188 1131 2237 hinc
1166 2189 1361 2238 nubifer
1397 2191 1557 2238 Eurus

157 2267 264 2315 vela
299 2268 510 2328 trahunt,
549 2277 689 2317 nutat
724 2268 919 2317 mediae
954 2271 1150 2318 for-tuna
1184 2269 1390 2329 carinae,

154 2346 274 2411 (heu
309 2347 464 2397 dubio
499 2365 737 2412 suspensa
768 2358 906 2398 metu
941 2351 1295 2412 tolerandaque
1330 2350 1476 2398 nullis
1740 2374 1815 2417 195

155 2443 324 2490 aspera
360 2445 463 2477 sors
498 2429 694 2492 populis
714 2431 745 2494 Ξ)
788 2429 870 2479 hic
904 2429 1123 2494 imperat,
1163 2431 1244 2480 ille
1280 2431 1523 2480 minatur!

220 2510 288 2555 At
324 2508 456 2557 Iovis
492 2508 707 2573 imperiis
743 2510 901 2574 rapidi
936 2527 1082 2574 super
1116 2511 1238 2560 atria
1272 2512 1395 2560 caeli

155 2588 307 2636 lectus
343 2589 555 2639 concilio
591 2589 760 2640 divum
797 2601 1094 2642 convenerat
1129 2594 1253 2643 ordo

210 2729 286 2767 174
315 2722 527 2758 tumentes
558 2718 596 2769 Q
766 2722 844 2760 186
871 2727 1016 2761 erecta
1047 2728 1208 2761 torvum
1232 2722 1446 2762 Baehrens
1554 2725 1633 2764 sub
1652 2724 1811 2771 fronte]

153 2770 318 2810 cervice
335 2770 381 2810 D
403 2772 500 2813 Cod.
521 2773 668 2825 Magd.
986 2789 1059 2827 197
1089 2778 1267 2828 imperio
1288 2777 1412 2831 (corr.
1431 2791 1482 2818 ex
1497 2778 1660 2830 imperii
1681 2778 1754 2833 Pl)
1776 2780 1818 2818 P

157 2826 231 2874 198
259 2825 370 2866 letus
402 2827 440 2877 Q
461 2830 502 2879 (c
520 2834 610 2880 sup.
634 2841 658 2868 e
678 2828 772 2869 add.
793 2829 847 2869 al.
871 2831 949 2882 m.)
