1884 3204
1019 70 1430 120 THEBAIDOS
1468 69 1685 118 LIBER
1718 69 1795 117 XI

148 201 348 264 invenit,
382 199 621 252 incertum
657 200 757 250 leto
793 207 866 249 tot
901 198 1070 262 iniqua
1104 201 1283 263 fugane

148 293 297 336 exeat.
369 291 417 332 et
452 281 631 331 dubios
667 281 919 329 turbarant
948 280 1117 329 omina
1152 297 1357 329 sensus:

146 365 345 424 viderat,
382 362 590 412 obscura
624 363 804 410 vallum
842 362 962 409 dum
998 370 1145 409 nocte
1181 369 1395 424 pererrat
1722 376 1800 419 140

147 462 289 509 aeger
321 442 511 493 consilii
545 442 771 505 curisque
806 441 1074 491 novissima
1108 444 1323 500 volvens,

148 524 367 588 coniugis
401 522 578 586 Argiae
613 524 823 571 laceram
858 538 973 570 cum
1009 523 1239 585 lampade
1274 520 1462 570 maesta

147 605 352 670 effigiem
389 604 524 668 (sunt
547 612 767 652 monstra
801 604 965 661 deum,
1005 601 1074 651 sic
1109 601 1178 651 ire
1213 602 1429 665 parabat,

146 689 234 736 has
269 688 423 735 latura
456 683 560 733 viro
596 685 764 732 taedas
800 692 902 732 erat
925 682 986 748 !):
1035 699 1150 746 ergo
1185 682 1389 746 roganti,

73 818 76 822 ,
148 783 273 831 quae
306 765 384 814 via
419 764 589 828 quisve
625 767 778 824 dolor,
818 782 904 814 cur
938 773 1126 813 maesta
1159 764 1398 827 insignia‚·
1421 772 1625 812 tantum
1716 782 1794 824 145

148 850 344 897 fleverat
377 855 526 909 atque
562 839 718 894 manu*
748 845 923 895 tacitos
958 854 1195 894 averterat
1230 844 1368 908 ignis.

147 927 237 978 scit
271 935 490 976 mentem
524 926 704 976 vidisse
741 929 910 988 nefas;
946 926 1131 976 etenim
1166 928 1301 976 unde
1337 925 1564 989 Mycenis

146 1011 334 1059 adforet
370 1017 419 1057 et
453 1010 635 1057 vallum
671 1008 887 1057 coniunx
921 1007 1125 1071 inopina
1161 1008 1385 1057 subiret?

148 1091 234 1139 sed
269 1088 354 1138 fati
390 1088 606 1138 monitus
642 1089 902 1152 vicinaque
937 1091 1109 1138 funera
1143 1089 1305 1148 sentit,

148 1188 205 1220 ac
241 1170 420 1220 sentire
455 1170 608 1219 timet.
681 1187 795 1219 cum
831 1187 947 1219 vero
982 1170 1279 1219 Acherontis
1315 1168 1471 1233 aperti
1723 1188 1803 1230 150

149 1252 268 1301 Dira
302 1260 376 1301 ter
409 1253 614 1300 admoto
649 1251 806 1315 tetigit
841 1253 1042 1300 thoraca
1075 1253 1282 1314 flagello,

147 1335 284 1383 ardet
317 1332 461 1396 inops
494 1331 661 1390 animi,
700 1349 793 1380 nec
828 1341 928 1380 tam
965 1331 1224 1381 considere
1259 1348 1422 1394 regno,

147 1430 296 1478 quam
331 1415 489 1462 scelus
525 1422 574 1462 et
609 1415 813 1462 caedem
849 1422 898 1461 et
932 1411 1137 1476 perfossi
1172 1412 1224 1459 in
1259 1410 1498 1474 sanguine
1532 1408 1690 1459 fratris

149 1494 386 1558 exspirare
420 1493 568 1557 cupit,
607 1493 897 1556 subitusque
937 1494 1130 1542 adfatur
1165 1494 1464 1541 Adrastum:

152 1577 297 1625 ‘Sera
332 1574 549 1638 quidem,
587 1583 831 1624 extremus
868 1574 1057 1622 socium
1094 1573 1352 1637 gentisque
1388 1581 1634 1636 superstes
1722 1586 1800 1632 155

148 1655 417 1720 Argolicae,
459 1658 697 1715 consulta,
736 1665 886 1719 pater,
924 1655 1023 1704 iarn
1059 1655 1204 1703 rebus
1240 1654 1292 1702 in
1327 1655 1443 1703 artis

149 1737 439 1801 adgredior3
483 1746 602 1786 tunc
638 1746 833 1800 tempus
869 1746 985 1796 erat,
1017 1753 1131 1785 cum
1168 1735 1366 1798 sanguis
1401 1734 1650 1784 Achivum

147 1819 345 1882 integer,
383 1818 452 1868 ire
486 1821 614 1867 ultro
648 1818 995 1882 propriamque
1031 1834 1284 1880 capessere
1319 1833 1552 1880 pugnam,

148 1916 250 1948 non
285 1899 442 1963 plebis
478 1901 682 1947 Danaae
717 1901 887 1947 florem
923 1915 1193 1961 regumque
1227 1899 1467 1947 verendas

149 1980 395 2030 obiectare
430 1979 633 2039 animas,
671 1988 726 2028 ut
761 1979 1077 2028 lamentabile
1112 1979 1260 2027 tantis
1726 1984 1807 2026 160

150 2061 355 2111 urbibus
389 2061 646 2110 induerem
682 2060 830 2123 capiti
866 2061 1032 2109 decus.
1103 2076 1275 2123 aspera
1310 2060 1513 2122 quando

151 2142 396 2206 praeteriit
430 2142 594 2201 virtus,
633 2158 766 2190 nunc
802 2143 975 2190 saltem
1011 2143 1260 2190 exsolvere
1294 2142 1366 2189 fas
1402 2140 1477 2200 sit,

151 2240 279 2287 quae
314 2222 482 2273 merui.
555 2222 649 2271 scis
684 2239 913 2285 namque,
953 2239 1105 2283 socer,
1143 2221 1257 2271 licet
1292 2224 1391 2270 alta
1429 2222 1670 2270 recondas

151 2306 352 2353 vulnera
385 2313 434 2353 et
468 2303 722 2352 adflictum
756 2302 922 2366 generi
956 2320 1151 2352 vereare
1185 2304 1442 2366 pudorem,

210 2435 396 2484 138—139
415 2438 568 2484 transp.
591 2432 633 2470 P
731 2445 807 2482 139
835 2431 1107 2472 turbarantP
1120 2447 1130 2471 ε
1159 2432 1378 2472 turbarunt
1397 2431 1439 2469 A
1462 2445 1471 2470 :
1500 2431 1720 2471 turbabant
1740 2430 1809 2470 ωδ

152 2489 292 2528 omnia
311 2489 358 2526 N
491 2500 568 2536 142
591 2488 773 2526 laceram
793 2486 835 2524 P
851 2501 860 2526 :
888 2487 1027 2525 lacera
1047 2487 1116 2525 ωδ
1239 2493 1400 2526 moesta
1420 2485 1485 2524 P:
1515 2492 1720 2525 moestam
1740 2486 1810 2525 wS

157 2546 232 2591 146
259 2543 411 2582 tacitos
431 2541 514 2580 PA
530 2556 540 2581 ε
569 2542 740 2580 timidos
758 2541 826 2579 ωδ
919 2553 997 2590 150
1026 2541 1162 2592 aperti
1181 2540 1251 2580 P:
1279 2541 1413 2591 operti
1433 2540 1503 2579 ms
1597 2553 1670 2590 151
1702 2540 1808 2579 Dira

152 2597 218 2636 P:
248 2597 358 2635 Diva
377 2596 446 2635 ωδ
625 2608 700 2644 153
730 2595 964 2645 perfossum
988 2595 1032 2633 D
1053 2599 1274 2647 (suprascr.
1297 2595 1461 2642 †-fusus
1482 2594 1574 2634 ead.‘
1594 2609 1665 2646 m.‚
1699 2594 1812 2645 quod

152 2652 251 2691 coni.
273 2650 523 2699 Housman)
554 2650 595 2688 in
616 2663 699 2689 om.
722 2649 846 2687 PDA
942 2650 1084 2688 fratris
1103 2656 1325 2700 (suprascr.
1349 2650 1543 2698 fratrem)
1565 2649 1608 2687 D
1730 2651 1808 2697 156

153 2711 273 2756 pater
302 2705 494 2743 consulta
525 2704 565 2754 Q
672 2705 772 2742 artis
801 2717 850 2742 ex
879 2704 985 2742 actis
1021 2705 1069 2754 (3)
1101 2717 1199 2742 corr.
1218 2704 1282 2742 Ν2
1448 2716 1521 2753 157
1552 2703 1715 2743 achium
1737 2703 1808 2742 P:

152 2760 311 2798 achivis
349 2758 388 2808 Q
552 2759 628 2806 158
668 2758 965 2807 propriamque
1001 2757 1128 2795 PBD
1159 2761 1381 2808 (suprascr.
1419 2759 1682 2807 primamque
1713 2757 1774 2807 D)
1798 2770 1807 2796 :

154 2825 463 2906 goperagnque
481 2811 555 2906 At:
583 2812 845 2906 pzirlgaqmque
864 2811 948 2860 KQ
966 2812 1179 2905 εἲρῑίἑηεῐη
1199 2812 1247 2851 N
1381 2815 1451 2851 161
1486 2818 1549 2851 ast
1569 2825 1620 2852 ea
1639 2812 1808 2862 quando

309 2879 327 2904 1
360 2879 385 2905 2
413 2878 516 2917 prae
537 2879 614 2905 ern
755 2881 766 2906 z
793 2878 989 2917 praecepi
1029 2882 1059 2905 ω
