1884 3204
96 129 148 175 P.
195 128 437 176 PAPINI
476 128 681 177 STATI

96 270 290 332 Othryn
326 278 375 318 et
409 271 623 318 Arctoae
657 268 876 332 gelidum
912 278 1062 332 caput
1095 268 1271 318 institit
1307 269 1464 318 Ossae

94 349 397 413 armavitque
432 349 483 398 in
519 350 654 398 nube
689 367 926 399 manum:
973 352 1106 399 volat
1139 349 1284 414 ignea
1319 351 1476 399 moles
1676 370 1755 410 320
1828 348 1833 414 f

94 447 239 479 saeva
273 430 355 479 dei
390 432 625 480 mandata
658 432 833 491 ferens,
871 432 1164 494 caelumque
1200 431 1398 479 trisulca
1826 423 1828 426 ⁵

93 511 277 560 territat
313 528 463 561 omne
498 529 643 561 coma
677 512 969 562 iamdudum
1006 521 1091 560 aut
1126 511 1312 560 ditibus
1347 511 1473 575 agris

93 593 232 656 signa
266 595 384 642 dare
418 602 503 642 aut
537 602 695 657 ponto
731 593 935 643 miseros
969 593 1219 643 involvere
1255 602 1444 642 nautas.

162 677 371 737 Iamque
405 691 661 723 remensus
694 674 786 724 iter
821 676 951 727 fesso
988 674 1211 723 Danaeia
1245 675 1449 737 Tydeus

90 773 204 804 arva
237 758 392 819 gradu
426 755 694 820 viridisque
727 756 844 819 legit
878 758 1065 805 devexa
1099 758 1402 819 Prosymnae
1674 773 1761 815 325-
1828 770 1830 774 ’

90 837 316 886 terribilis
351 837 473 886 visu.
545 846 676 886 stant
710 837 820 886 fulti
854 839 1054 900 pulvere
1090 836 1262 897 crines,

90 918 345 981 squalidus
381 936 440 967 ex
474 917 656 967 umeris
691 917 825 967 cadit
858 919 956 966 alta
990 917 1042 965 in
1076 919 1279 966 vulnera
1314 918 1477 976 sudor,

88 999 429 1062 insomnisque
464 1001 637 1048 oculos
671 999 822 1047 rubor
855 997 1047 1058 excitat,
1086 1014 1271 1061 oraque
1305 1007 1434 1047 retro

89 1079 233 1128 solvit
267 1081 447 1128 anhela
482 1078 616 1128 sitis:
663 1095 805 1128 mens
839 1081 995 1127 altum
1031 1077 1181 1141 spirat
1215 1079 1458 1127 honorem

88 1160 289 1210 conscia
322 1162 579 1209 factorum.
651 1159 722 1209 sic
757 1168 878 1209 nota
912 1158 965 1207 in
999 1175 1184 1223 pascua
1218 1168 1385 1208 taurus
1676 1179 1755 1220 330

87 1240 295 1288 bellator
328 1238 469 1299 redit,
507 1239 715 1287 adverso
751 1237 832 1286 cui
867 1239 997 1287 colla
1031 1253 1222 1303 suoque

87 1320 326 1384 sanguine
360 1318 716 1383 proscissisque
751 1328 924 1368 natant
959 1317 1237 1383 palearibus
1271 1317 1395 1366 armi
1416 1336 1430 1378 3

86 1411 205 1451 tunc
241 1418 443 1466 quoque
477 1403 606 1450 lassa
640 1410 799 1450 tumet
834 1400 987 1450 virtus
1023 1402 1336 1463 multumque
1373 1398 1592 1463 superbit

86 1493 286 1546 pectore
321 1485 559 1547 despecto
580 1501 594 1543 3
638 1499 795 1532 vacua
828 1481 956 1531 iacet
991 1481 1148 1530 hostis
1184 1482 1367 1529 harena
1822 1538 1824 1542 ,

86 1574 228 1628 turpe
262 1581 466 1628 gemens
502 1565 784 1627 crudosque
819 1572 951 1612 vetat
987 1561 1167 1612 sentire
1203 1562 1414 1611 dolores.
1674 1580 1752 1622 335
1820 1556 1823 1603 ]

85 1645 193 1694 talis
230 1653 332 1695 erat
348 1663 362 1706 ,·
408 1645 599 1695 medias
634 1644 784 1694 etiam
819 1661 922 1694 non
957 1643 1146 1694 destitit
1182 1642 1331 1703 urbis,
1828 1630 1829 1633 Ἴ

85 1726 330 1790 quidquid
366 1735 415 1776 et
450 1729 660 1790 Asopon
693 1735 982 1790 veteresque
1016 1724 1270 1774 interiacet
1305 1726 1478 1787 Argos,

84 1808 390 1857 inflammare
425 1807 566 1867 odiis,
605 1809 918 1871 multumque
952 1816 1002 1856 et
1036 1805 1223 1869 ubique
1258 1814 1482 1854 retexens

84 1891 301 1953 legatum
336 1906 444 1939 sese
481 1888 630 1938 Graia
664 1890 729 1938 de
763 1897 910 1952 gente
945 1886 1173 1952 petendis

84 1970 180 2020 isse
216 1987 362 2034 super
395 1969 557 2034 regnis
592 1969 786 2034 profugi
821 1968 1083 2032 Polynicis,
1120 1977 1171 2017 at
1204 1967 1323 2017 inde
1669 1985 1752 2026 340

84 2052 198 2113 vim,
237 2060 452 2112 noctem,
491 2053 664 2111 scelus,
701 2067 851 2111 arma,
890 2052 1046 2110 dolos,
1086 2067 1145 2099 ea
1178 2051 1379 2098 foedera
1414 2064 1614 2112 passum

84 2133 209 2197 regis
246 2132 496 2194 Echionii,
525 2132 659 2181 fratri
694 2149 783 2181 sua
818 2132 922 2181 iura
957 2130 1138 2195 negari.

84 2232 241 2279 prona
275 2216 399 2264 fides
434 2213 633 2278 populis
651 2233 663 2275 ;
710 2215 834 2263 deus
870 2212 1039 2262 omnia
1073 2213 1273 2261 credere
1309 2211 1485 2259 suadet

83 2297 400 2360 armipotens,
437 2295 756 2359 geminatque
790 2303 1022 2358 acceptos
1058 2295 1190 2342 fama
1223 2308 1444 2355 pavores.

150 2379 319 2441 thue
353 2376 678 2439 introgressus
713 2386 879 2439 portas
915 2381 985 2438 <et
1021 2376 1145 2423 forte
1180 2374 1425 2422 verendus
1667 2385 1774 2433 3454

83 2459 296 2509 concilio
332 2467 471 2522 pater
503 2457 610 2520 ipse
645 2459 799 2506 duces
835 2457 1045 2521 cogebat
1079 2453 1340 2517 Adrastus)

82 2540 376 2605 improvisus
411 2540 566 2598 adest,
604 2537 703 2586 iam
739 2538 875 2587 illinc
910 2556 940 2587 a
974 2537 1200 2601 postibus
1235 2537 1376 2584 aulae

81 2622 386 2673 vociferans:
439 2623 635 2680 ‘Arma,
673 2637 809 2668 arma
843 2619 945 2679 viri,
983 2628 1137 2682 tuque
1173 2617 1361 2680 optime
1398 2617 1590 2664 Lernae

136 2765 217 2802 322
248 2764 367 2791 coma
386 2751 544 2790 dudum
571 2748 657 2787 BD
847 2761 927 2798 324
957 2759 1179 2787 remensus
1207 2745 1321 2785 PD:
1359 2756 1559 2784 emensus
1587 2731 1748 2793 BNQS

83 2807 233 2846 daneia
262 2805 345 2844 PD
582 2816 660 2854 325
692 2803 862 2842 diversa
888 2802 932 2840 P
1147 2813 1228 2850 329
1256 2801 1381 2840 solvit
1407 2798 1475 2838 P:
1504 2798 1650 2838 sorbet
1678 2796 1748 2836 ωδ

81 2874 162 2911 333
192 2867 293 2900 tunc
322 2860 388 2899 P:
418 2865 506 2898 tum
535 2858 604 2898 ωδ
740 2869 819 2907 334
849 2861 1092 2908 corruptum
1105 2860 1241 2907 puto:
1270 2867 1326 2893 an
1347 2855 1551 2903 despecto
1571 2864 1744 2901 pecore,

81 2919 150 2956 at?
371 2925 450 2963 335
478 2914 648 2952 labores
675 2912 716 2951 P
904 2915 985 2961 338
1015 2917 1058 2950 et
1088 2923 1171 2950 om.
1192 2909 1236 2947 J)
1426 2920 1508 2957 343
1530 2906 1681 2946 saudet
1707 2904 1752 2944 P

82 2981 161 3019 345
189 2969 399 3008 verendus
428 2966 575 3007 PBL:
603 2967 817 3006 verendos
846 2965 1016 3015 DKNQ
