1884 3204
95 70 166 147 Ῥ.
188 103 192 106 ·
211 99 455 148 PAPINI
483 100 704 152 ‚STATI

179 240 484 290 Iamdudum
520 241 714 306 trepido
749 241 1029 294 circumfert
1064 242 1253 293 lumina
1289 252 1428 293 motu
1839 310 1841 313 v

107 318 475 386 intrantemque
511 323 662 372 deum
698 323 859 387 primo
893 326 1081 388 pallore
1115 327 1295 374 fatetur
1701 348 1747 390 5¹
1753 349 1778 391 5

106 402 429 462 Thestorides
445 421 459 464 3
506 421 623 454 mox
656 403 770 469 igne
804 422 955 470 genas
991 415 1040 455 et
1075 406 1315 470 sanguine
1351 415 1553 470 torpens
1607 449 1610 450 γ
1717 403 1723 405 ’
1827 395 1831 398 ’

103 499 198 532 nec
233 482 395 533 socios
431 502 525 534 nec
559 494 717 535 castra
750 486 900 548 videt,
937 489 1026 537 sed
1061 504 1239 537 caecus
1274 496 1324 537 et
1357 488 1539 537 absens

102 581 238 614 nunc
273 582 506 629 superum
542 584 749 631 magnos
785 568 1047 632 deprendit
1081 568 1133 617 in
1168 569 1366 618 aethere
1402 578 1588 628 coetus,

101 664 237 697 nunc
272 665 411 712 sagas
445 650 641 698 adfatur
675 649 795 711 avis,
829 667 965 699 nunc
1000 651 1124 699 dura
1159 666 1385 699 sororum
1837 710 1846 719 ..

100 728 227 790 licia,
254 729 477 779 turiferas
513 732 668 780 modo
704 730 918 779 consulit
953 730 1127 779 anxius
1162 747 1270 779 aras
1692 752 1774 793 5²0
1827 730 1830 733 ’

99 812 512 874 flammarumque
546 810 741 874 apicem
776 810 902 874 rapit
938 820 987 860 et
1022 810 1231 875 caligine
1271 828 1409 861 sacra
1818 799 1832 816 Α

97 891 327 955 pascitur.
399 890 629 940 exsiliunt
665 891 826 940 crines
861 891 1129 955 rigidisque
1164 892 1355 941 laborat

95 972 231 1022 vitta·
252 971 423 1032 comis,
461 988 554 1021 nec
590 974 719 1021 colla
753 974 866 1022 loco
901 989 996 1021 nec
1030 971 1082 1020 in
1119 972 1294 1022 ordine
1327 989 1536 1036 gressus.

95 1055 300 1103 tandem
335 1055 465 1103 fessa
499 1062 715 1103 tremens
750 1052 911 1117 longis
947 1052 1217 1117 mugitibus
1253 1069 1339 1102 ora

95 1135 254 1195 solvit,
292 1144 342 1185 et
377 1134 664 1199 oppositum
698 1151 795 1184 vox
830 1136 1043 1184 eluctata
1078 1136 1294 1183 furorem
1329 1142 1432 1184 est:
1683 1155 1766 1199 525
1818 1131 1826 1134 ”

98 1221 109 1243 ‘
129 1218 246 1280 Quo
281 1216 411 1281 rapis
445 1216 699 1280 ingentem
735 1215 902 1279 magni
937 1215 1170 1267 Chironis
1204 1217 1463 1264 alumnum
1824 1222 1831 1229 “

91 1298 332 1358 femineis,
371 1297 537 1358 Nerei,
575 1297 742 1348 dolis?
787 1299 886 1347 huc
922 1296 1062 1346 mitte
1081 1316 1100 1354 ε,
1134 1296 1256 1361 quid
1290 1297 1450 1346 aufers
1468 1298 1491 1345 P

88 1397 195 1430 non
215 1379 416 1444 patiar:
457 1396 598 1428 meus
633 1379 739 1440 iste,
778 1396 933 1428 meus.
1005 1387 1059 1427 tu
1095 1378 1210 1427 diva
1243 1377 1490 1441 profundi,

90 1470 140 1511 et
176 1478 257 1510 me
293 1461 528 1510 Phoebus
562 1460 675 1524 agit.
745 1459 944 1510 latebris
979 1459 1161 1524 quibus
1195 1459 1380 1509 abdere
1415 1467 1628 1525 temptas

90 1558 366 1591 eversorem
401 1541 588 1591 Asiae?
634 1541 781 1591 video
815 1558 903 1605 per
939 1542 1183 1604 Cycladas
1217 1542 1340 1590 altas
1677 1560 1763 1602 530
1819 1596 1825 1607 .

88 1622 351 1672 attonitam
386 1632 436 1672 et
470 1622 601 1687 turpi
636 1632 956 1686 quaerentem
991 1622 1135 1671 litora
1168 1623 1313 1671 furto.
1820 1618 1825 1635 ³

89 1703 398 1754 occidimus:
445 1703 631 1768 placuit
666 1703 965 1767 Lycomedis
1001 1702 1202 1753 conscia
1235 1704 1394 1752 tellus.

87 1802 120 1834 o
155 1787 346 1834 scelus!
394 1802 458 1834 en
493 1786 653 1834 fluxae
687 1784 894 1834 veniunt
928 1784 980 1833 in
1015 1793 1217 1848 pectora
1236 1792 1425 1833 vestes.

87 1866 274 1925 scinde,
312 1883 449 1931 puer,
487 1865 660 1915 scinde
696 1874 746 1914 et
781 1865 986 1915 timidae
1020 1882 1085 1915 ne
1120 1866 1245 1914 cede
1279 1863 1485 1927 parenti.
1804 1928 1814 1933 d

85 1946 131 1997 ei
156 1947 296 2008 mihi,
318 1956 486 2010 raptus
510 1945 642 1996 abit!
669 1962 915 2010 quaenam
939 1947 1064 1995 haec
1087 1946 1261 2009 procul
1284 1944 1514 2009 improba
1534 1943 1707 2010 virgo?
1722 1946 1733 1968 ’

154 2028 258 2077 Hic
293 2037 501 2077 nutante
535 2028 690 2092 gradu
726 2027 860 2076 stetit
893 2026 1187 2091 amissisque
1226 2025 1401 2076 furoris
1672 2033 1757 2089 53⁶
1804 2078 1808 2082 ,

84 2108 269 2158 viribus
304 2118 421 2159 ante
457 2108 588 2173 ipsas
624 2110 939 2158 tremefactus
975 2107 1159 2158 corruit
1193 2124 1319 2158 aras,
1801 2094 1807 2098 ⁷

82 2199 204 2240 tunc
238 2192 524 2240 haerentem
562 2191 793 2239 Ithacum
830 2189 1135 2254 Calydonius
1170 2196 1383 2252 occupat
1417 2189 1595 2238 heros:
1630 2188 1632 2190 ’

85 2277 97 2299 ‘
116 2274 225 2322 Nos
259 2281 403 2322 vocat
436 2270 530 2321 iste
563 2272 733 2322 labor:
780 2288 944 2335 neque
979 2270 1114 2321 enim
1149 2287 1318 2320 comes
1352 2269 1422 2320 ire
1456 2265 1707 2332 recusem,‘

80 2353 122 2403 si
157 2363 242 2403 tua
276 2371 393 2403 cura
427 2354 601 2402 trahat.
673 2353 789 2403 licet
822 2352 904 2402 ille
940 2352 1232 2402 sonantibus
1273 2351 1426 2401 antris
1668 2350 1754 2417 ⁵4⁶

78 2436 300 2499 Tethyos
334 2451 534 2485 aversae
566 2433 855 2499 gremioque
888 2443 1139 2498 prematur
1170 2432 1348 2498 aquosi
1776 2423 1788 2454 '²

80 2518 284 2576 Nereos,
322 2515 557 2565 invenies.
629 2525 684 2564 tu
719 2524 913 2564 tantum
948 2515 1184 2579 providus
1217 2523 1328 2564 astu

132 2626 214 2675 516
242 2631 422 2675 torpens
449 2624 594 2676 scripsi
616 2623 739 2675 (prae
759 2623 851 2674 igne
877 2637 1048 2663 sensum
1077 2623 1293 2663 oculorum
1321 2621 1514 2676 amettit),
1535 2623 1582 2673 cf.
1603 2621 1793 2673 Quina*

77 2680 135 2719 xi.
153 2693 192 2730 3.
210 2681 288 2729 76:
308 2685 513 2728 torquens
532 2678 645 2720 codd.
759 2690 838 2728 517
868 2679 1025 2718 absens
1044 2678 1114 2717 Εω
1133 2682 1170 2717 et
1186 2690 1236 2716 ex
1252 2689 1400 2716 amens
1412 2683 1481 2728 pr.
1504 2690 1560 2716 m.
1585 2689 1684 2717 corr.
1696 2673 1799 2719 Ρη-

76 2736 158 2783 518
187 2734 365 2774 aethera
383 2739 530 2772 coetos
551 2733 591 2771 P
735 2745 817 2783 519
845 2746 977 2783 sagax
994 2732 1036 2770 P
1169 2744 1247 2782 521
1278 2731 1443 2782 apicem
1463 2735 1526 2771 11:
1555 2731 1698 2782 apices
1714 2745 1747 2774 ω
1767 2745 1790 2782 ’ς

75 2801 155 2851 5²5.
174 2789 417 2838 appositum
435 2788 507 2826 vix
526 2787 569 2826 E
652 2793 718 2827 est
738 2801 821 2827 om.
845 2787 888 2826 E
995 2798 1074 2837 527
1095 2787 1228 2826 audes
1246 2786 1387 2825 aufers
1404 2785 1447 2824 P
1553 2786 1742 2839 529-661

76 2856 147 2892 qm
165 2846 327 2882 exstant
339 2842 384 2881 in
399 2846 436 2880 Π
450 2847 488 2881 et
497 2842 591 2883 dett.
607 2841 721 2882 codd.
739 2855 822 2880 om.
842 2855 899 2880 ω·
919 2841 993 2881 sed
1007 2841 1261 2881 addiderunt
1280 2840 1341 2892 (in
1354 2853 1491 2892 marg.
1496 2839 1583 2878 K:
1593 2839 1621 2880 k
1623 2831 1744 2891 ,folio
1762 2838 1789 2881 Is

74 2898 212 2936 insuto
233 2897 314 2946 Q:
327 2896 368 2949 q)
402 2909 460 2935 m.
484 2909 555 2936 rec.
690 2908 772 2946 529
801 2896 959 2936 addere
988 2895 1031 2934 P
1165 2907 1246 2946 533
1273 2894 1459 2934 influxae
1485 2893 1529 2933 E
1663 2898 1761 2948 '5352

71 2963 98 2989 a
120 2951 275 2990 mihiE
393 2962 473 3001 539
503 2962 696 2992 recusem
715 2950 782 2991 Ρ.
810 2963 990 2991 recusen
1010 2949 1076 2990 Ε·
1107 2961 1260 2990 recuso
1279 2964 1310 2988 ω
1437 2960 1515 3001 541
1537 2948 1744 2989 adversae
1763 2967 1789 3005 χ

72 3004 122 3045 Κ
176 3022 179 3025 “
226 3016 389 3058 aquoso
408 3005 436 3045 k
