1884 3204
1004 29 1418 79 THEBAIDOS
1457 31 1671 80 LIBER
1706 33 1782 80 XI

131 187 266 221 arma
298 168 445 220 etiam
480 167 705 216 simulata
737 180 910 229 gerens
944 167 1205 229 cultusque
1239 166 1401 227 virilis,

62 255 63 263 ’
130 268 262 300 nunc
297 249 385 309 his,
422 263 554 296 nunc
588 245 681 293 illis
716 248 730 271 ‘
746 245 904 307 Agite,
944 244 1027 305 ite,
1062 246 1316 307 obsistite‚'
1351 250 1531 296 clamat

130 334 144 357 ‘
163 330 272 394 quis
306 327 407 377 nati
441 329 707 389 fratresque
741 324 895 385 domi,
931 324 1040 387 quis
1076 325 1280 388 pignora
1315 330 1480 375 tanta!

131 410 211 459 hie
245 424 444 473 quoque
479 406 667 471 (nonne
700 407 864 467 palam
901 413 975 453 est
1011 406 1138 453 ultro
1175 406 1487 455 miserescere
1522 407 1664 456 divos
1684 406 1724 471 Ρ)

130 493 225 540 tela
258 490 453 547 cadunt,
491 494 785 535 cunctantur
819 484 951 548 equi,
988 487 1108 533 Fors
1144 485 1251 548 ipsa
1285 488 1556 549 repugnat.'
1700 496 1778 545 481

196 567 435 618 Nonnihil
468 566 727 629 impulerat
762 565 956 622 dubios,
995 564 1046 613 ni
1082 574 1221 614 torva
1255 575 1475 614 notasset

88 663 92 665 “
129 648 400 712 Tisiphone
434 647 628 695 fraudes
663 645 961 708 caelestique
996 645 1133 694 ocior
1167 645 1281 708 igne

127 729 316 777 adforet
348 725 676 789 increpitans:
724 725 890 787 ‘Quid
926 725 1043 774 belli
1079 724 1349 774 obverteris
1385 725 1536 785 ausiS‚

74 807 76 810 ’
127 824 311 858 numen
344 806 473 855 iners
507 805 717 869 pacique
751 807 964 854 datum?
1010 806 1147 866 cede,
1186 805 1446 869 improba:
1495 813 1662 854 noster
1701 815 1782 864 485

127 889 206 938 hic
240 903 443 951 campus
479 895 744 950 nosterque
779 886 885 935 dies
902 904 916 946 ;
963 903 1098 936 nunc
1134 903 1240 936 sera
1275 886 1502 935 nocentis

126 968 350 1019 defendis
386 967 603 1016 Thebas.
672 966 759 1015 ubi
794 976 926 1026 tunc,
966 984 1080 1016 cum
1118 967 1249 1016 bella
1283 967 1434 1016 cieret

126 1050 350 1099 Bacchus
386 1057 435 1098 et
468 1056 677 1098 armatas
712 1047 944 1096 furiarent
979 1048 1114 1111 orgia
1149 1057 1341 1107 matres,

124 1140 208 1179 aut
242 1129 326 1178 ubi
364 1129 524 1192 segnis
559 1145 680 1189 eras,
718 1129 839 1177 dum
878 1128 1087 1177 Martius
1123 1128 1275 1192 impia
1310 1145 1514 1192 serpens

125 1221 294 1274 stagna
327 1209 466 1269 bibit,
504 1211 627 1258 dum
663 1210 885 1259 Cadmus
918 1218 1035 1269 arat,
1074 1210 1196 1258 dum
1232 1209 1422 1258 semina
1458 1218 1677 1272 surgunt,
1701 1229 1784 1270 490

125 1293 244 1341 dum
278 1299 415 1354 rogat
450 1289 749 1353 Oedipoden
783 1289 988 1352 genitor,
1026 1291 1148 1338 dum
1183 1292 1413 1353 lampade
1448 1299 1616 1338 nostra

121 1373 176 1421 'in
210 1373 451 1421 thalamos
487 1373 683 1419 Iocasta
717 1370 913 1419 venit?'
949 1370 1020 1419 sic
1055 1379 1207 1433 urget,
1245 1379 1295 1419 et
1324 1362 1459 1418 'ultro

122 1454 357 1502 vitantem
389 1453 653 1515 adspectus
688 1450 836 1499 etiarn
872 1450 1265 1513 pudibundaque
1301 1452 1447 1513 longe

124 1553 208 1585 ora
239 1536 558 1584 reducentem
591 1531 771 1595 premit
803 1532 1153 1581 astridentibus
1189 1532 1355 1595 hydris

124 1617 430 1679 intentatque
464 1616 595 1664 faces
612 1631 627 1675 3
673 1613 918 1665 deiectam
953 1613 1005 1661 in
1039 1613 1227 1662 lumina
1262 1615 1443 1677 pallam
1701 1636 1783 1676 495

125 1697 238 1746 diva
271 1695 417 1745 trahit
451 1711 732 1758 magnoque
767 1694 892 1757 fugit
925 1703 1159 1757 questura
1194 1695 1427 1743 Tonanti.

190 1779 339 1827 Tunc
373 1793 489 1826 vero
522 1792 762 1825 accensae
798 1775 1007 1824 stimulis
1044 1774 1312 1823 maioribus
1348 1775 1477 1824 irae:

122 1876 256 1908 arma
289 1860 502 1922 placent,
535 1873 804 1919 versaeque
838 1857 1012 1904 volunt
1047 1864 1268 1918 spectare
1303 1857 1546 1905 cohortes.

122 1940 392 1989 instaurant
426 1939 626 1987 crudele
660 1939 831 1997 nefas;
877 1953 961 1985 rex
995 1935 1175 1999 impius
1210 1945 1346 2000 aptat

123 2023 219 2070 tela
252 2030 302 2070 et
335 2022 559 2068 funestae
594 2034 764 2067 casum
799 2016 930 2081 prior
965 2025 1178 2080 occupat
1212 2019 1397 2067 hastae.
1701 2037 1784 2078 500

121 2103 202 2150 illa
235 2101 366 2150 viam
401 2099 622 2149 medium
657 2098 803 2162 clipei
837 2107 1015 2148 conata
1048 2115 1135 2162 per
1169 2099 1341 2149 orbem

122 2200 224 2232 non
258 2183 438 2246 perfert
472 2181 597 2229 ictus
631 2189 782 2242 atque
816 2181 917 2228 alto
952 2179 1162 2228 vincitur
1195 2197 1329 2231 auro.

122 2274 240 2312 tunc
275 2264 411 2312 exsul
446 2261 578 2310 subit
614 2269 664 2309 et
698 2262 826 2310 clare
861 2262 1056 2309 funesta
1090 2269 1345 2324 precatur:

125 2349 136 2371 ‘
158 2344 237 2404 Di,
276 2360 401 2407 quos
437 2344 617 2392 effosso
652 2358 754 2390 non
791 2340 963 2389 inritus
999 2358 1084 2391 ore
1119 2341 1306 2406 rogavit

176 2499 254 2536 477
284 2485 496 2524 stimulata
517 2483 556 2534 Q
718 2485 801 2532 480
829 2485 898 2523 hic
928 2484 1050 2534 PBQ
1081 2484 1200 2536 (corr.
1234 2483 1277 2522 in
1313 2484 1378 2524 his
1409 2484 1495 2536 Q):
1524 2483 1590 2523 his
1613 2483 1785 2524 DKNS

121 2542 202 2590 482
229 2553 308 2579 nos
328 2539 431 2578 nihil
450 2537 492 2576 P
598 2543 786 2577 vetasset
806 2539 846 2577 A
978 2540 1058 2588 484
1087 2539 1315 2577 obverterit
1332 2538 1374 2575 P
1507 2551 1590 2588 490
1618 2541 1783 2578 semina

121 2600 300 2644 surgunt
317 2591 403 2632 Pss:
430 2593 543 2631 victa
572 2592 684 2630 cadit
712 2592 796 2631 P¹:
825 2593 936 2632 victa
966 2593 1078 2631 cadit
1097 2593 1251 2642 sphinx
1281 2592 1370 2632 ωδε
1402 2594 1651 2643 temptabam
1680 2595 1779 2632 olim

125 2650 222 2687 dum
256 2647 421 2687 semina
447 2652 626 2696 surgunt
658 2646 769 2684 Dum
798 2659 830 2686 r.
866 2646 918 2685 Ο.
951 2659 992 2695 g.
1025 2647 1124 2685 dum
1153 2647 1263 2685 victa
1290 2646 1402 2687 cadit
1436 2647 1608 2696 Sphinx
1639 2647 1781 2701 (Dum

121 2703 236 2741 venit
257 2701 504 2751 Oedipodes
517 2700 713 2753 Thebas)
726 2701 822 2739 dum
844 2700 1039 2750 lampade
1060 2713 1100 2740 n.
1123 2705 1190 2741 etc.
1212 2700 1284 2740 sed
1298 2700 1387 2740 vide
1403 2700 1541 2751 Praef.
1556 2701 1630 2739 viii
1696 2715 1778 2752 492

122 2757 208 2796 alto
229 2757 453 2808 (suprascr.
478 2754 608 2805 ultro)
632 2754 671 2803 Q
897 2767 977 2805 493
1008 2754 1136 2805 longa
1153 2754 1195 2793 P
1394 2766 1473 2805 495
1503 2755 1662 2795 lumine
1680 2755 1781 2796 ΡΝ2

122 2822 203 2860 504
232 2810 364 2863 effuso
386 2809 456 2863 <os
473 2814 566 2861 sup.
586 2821 612 2847 u
631 2807 749 2861 add.)
771 2808 811 2859 Q
