1884 3204
124 93 179 141 P.
218 93 461 142 PAPINI
498 95 704 144 STATI

123 228 312 294 integer
347 231 604 295 obsequio,
623 270 626 274 .
643 231 873 282 manibus
908 247 1043 281 nunc
1077 231 1225 281 obvia
1259 233 1357 281 tela

123 310 409 372 discutiens,
446 311 596 361 instat
630 330 798 376 gressu
833 315 1072 377 vultuque
1106 313 1292 362 recedit
1310 332 1324 361 τ

123 408 272 455 saepe
307 392 454 441 etiam
490 393 684 442 iniustis
719 395 970 443 conlatum
1006 393 1191 442 viribus
1226 396 1421 442 hostem

99 472 186 537 ‘(is
221 473 359 536 vigor
393 473 607 537 ingenio,
645 483 783 523 tanta
818 474 1117 538 experientia
1152 475 1352 523 dextrae
1387 475 1483 537 est)
1713 493 1819 538 775<=

122 555 252 602 ultro
286 556 449 603 audax
483 554 660 604 animis
695 555 945 619 instatque
980 565 1029 604 et
1064 555 1330 604 obumbrat
1365 564 1414 604 et
1447 557 1545 604 alte

122 634 290 684 assilit.
363 645 418 684 ut
453 653 688 700 praeceps
724 639 951 685 cumulos
986 635 1085 700 agit
1120 637 1256 685 unda
1292 635 1528 685 minantis

121 713 174 761 in
211 717 443 777 scopulos
480 726 528 765 et
563 719 716 766 fracta
750 717 891 777 redit,
930 716 1000 765 sic
1035 716 1117 766 ille
1153 718 1395 765 furentem

123 794 296 844 circuit
331 812 617 860 expugnans
634 816 647 858 5
694 799 824 846 levat
859 814 977 846 ecce
1012 796 1199 860 diuque
1241 797 1456 846 minatur
1812 848 1814 850 ,

121 875 173 923 in
209 878 337 925 latus
371 876 524 940 inque
560 880 731 926 oculos
749 896 764 938 ,·
810 877 950 926 illum
985 877 1141 940 rigida
1174 894 1311 926 arma
1345 886 1604 927 caventem
1710 886 1793 940 780
1822 902 1824 906 ·

121 965 297 1005 avocat
331 973 390 1005 ac
426 958 657 1007 manibus
693 957 997 1021 necopinum
1033 956 1277 1006 interserit
1312 957 1466 1007 ictum

124 1037 331 1086 callidus
369 1047 418 1087 et
454 1038 672 1101 mediam
710 1038 936 1101 designat
971 1039 1173 1087 vulnere
1207 1040 1437 1089 frontem.

122 1117 221 1165 iam
258 1134 415 1178 cruor,
454 1128 503 1168 et
538 1119 709 1183 tepido
745 1119 1000 1183 signantur
1034 1128 1260 1183 tempora
1294 1119 1412 1169 rivo.

122 1199 280 1248 nescit
315 1201 481 1251 adhuc
517 1201 782 1264 Capaneus
818 1200 1139 1264 subitumque
1170 1217 1258 1264 per
1288 1200 1487 1264 agmina
1519 1216 1740 1251 murmur
1827 1260 1835 1267 .

123 1280 354 1342 miratur3
400 1298 572 1330 verum
607 1290 662 1330 ut
697 1283 877 1331 fessam
915 1298 1062 1345 super
1096 1298 1182 1331 ora
1217 1282 1410 1332 reduxit
1714 1292 1822 1352 785ἃ

120 1361 247 1410 forte
283 1378 488 1410 manum
526 1372 575 1412 et
611 1380 808 1412 summo
845 1365 1063 1412 maculas
1098 1362 1150 1411 in
1186 1365 1365 1413 vellere
1400 1363 1536 1424 vidit,
1828 1363 1831 1366 ’

122 1458 226 1490 non
262 1444 354 1503 leo,
393 1461 496 1493 non
531 1444 694 1493 iaculo
730 1453 921 1493 tantum
958 1444 1214 1508 indignata
1255 1454 1455 1509 recepto

121 1521 285 1586 tigris:
332 1524 432 1588 agit
467 1534 574 1574 toto
610 1527 871 1575 cedentem
908 1525 1125 1575 fervidus
1160 1543 1277 1575 arvo

121 1604 512 1670 praecipitatque
546 1616 675 1656 retro
710 1607 940 1656 iuvenem
975 1616 1126 1670 atque
1161 1607 1213 1655 in
1248 1616 1383 1670 terga
1418 1607 1630 1671 supinat,
1675 1614 1678 1619 '

121 1686 357 1736 dentibus
393 1689 697 1737 horrendum
734 1689 959 1749 stridens,
997 1688 1317 1752 geminatque
1352 1697 1535 1738 rotatas
1715 1706 1796 1751 790
1837 1686 1840 1689 ’

122 1767 516 1832 multiplicatque
552 1786 743 1818 manus.
815 1769 1013 1833 rapiunt
1048 1769 1314 1819 conamina
1349 1769 1499 1830 venti,

122 1864 234 1911 pars
270 1845 404 1898 c'adit
439 1849 491 1897 in
527 1859 753 1911 caestus;
798 1859 939 1899 motu
975 1852 1244 1913 Spartanus
1278 1860 1426 1899 acuto

123 1928 258 1978 mille
293 1938 434 1978 cavet
469 1932 631 1993 lapsas
667 1930 852 1979 circum
889 1947 1010 1979 cava
1044 1940 1270 1994 tempora
1305 1932 1479 1980 mortis

122 2010 405 2074 auxilioque
439 2013 642 2075 pedum,
681 2013 770 2062 sed
805 2029 909 2061 non
945 2021 1114 2061 tamen
1149 2011 1413 2062 immernor
1446 2012 1562 2062 artis

120 2092 356 2141 adversus
391 2093 515 2156 fugit
550 2102 599 2142 et
634 2093 826 2156 fugiens
861 2102 1030 2143 tamen
1065 2093 1245 2143 ictibus
1283 2095 1460 2143 obstat.
1717 2112 1795 2157 795

192 2175 258 2222 Et
292 2173 390 2222 iam
427 2184 693 2238 utrumque
728 2175 869 2224 labor
903 2174 1212 2238 suspiriaque
1246 2192 1391 2239 aegra
1427 2174 1644 2239 fatigant.

121 2251 309 2300 tardius
345 2251 427 2301 ille
462 2253 654 2316 premit,
693 2270 787 2303 nec
823 2252 922 2302 iam
958 2252 1040 2302 hic
1077 2252 1316 2302 obsistere
1351 2254 1508 2312 velox,

122 2333 409 2397 defectique„
439 2335 592 2384 ambo
626 2334 836 2398 genibus
872 2334 1151 2398 pariterque
1186 2334 1430 2398 quierunt.

122 2414 193 2463 sic
229 2414 316 2463 ubi
351 2417 500 2478 longa
534 2432 684 2478 vagos
720 2417 963 2464 lassarunt
998 2432 1216 2479 aequora
1250 2425 1426 2465 nautas
1817 2481 1834 2484 „

122 2505 172 2545 et
208 2495 403 2560 signum
440 2498 504 2546 de
540 2513 709 2561 puppe
744 2498 932 2557 datum,
971 2513 1182 2561 posuere
1217 2515 1482 2562 parumper
1715 2506 1798 2548 800
1842 2519 1844 2521 ·

178 2626 260 2675 776
287 2625 499 2676 instatque
518 2624 620 2666 Ald.
648 2625 760 2666 codd.
791 2625 883 2667 dett.
905 2640 916 2666 t
953 2627 1166 2677 intratque
1194 2626 1264 2667 ωδ
1277 2641 1287 2667 :
1315 2627 1444 2667 intrat
1470 2627 1514 2666 P
1619 2626 1731 2667 altae
1760 2627 1799 2677 Q
1839 2652 1844 2654 -

124 2693 201 2730 777
230 2681 399 2719 cumulo
419 2680 530 2730 sagit
548 2681 590 2720 P
606 2694 617 2720 :
644 2681 811 2720 cumulo
831 2681 930 2720 salit
949 2680 1018 2720 ω5
1139 2683 1221 2731 780
1249 2681 1396 2734 inque]
1416 2682 1533 2722 illum
1552 2680 1597 2720 P
1623 2721 1626 2724 ,
1717 2683 1794 2731 781

122 2735 301 2774 advocat
320 2734 545 2786 (suprascr.
569 2740 774 2785 provocat
793 2735 940 2784 schol.)
963 2735 1002 2786 Q
1116 2749 1165 2775 ac
1185 2735 1255 2776 P:
1298 2742 1340 2776 et
1358 2736 1426 2777 ωδ
1591 2736 1671 2786 783
1686 2737 1795 2786 fort.
1845 2747 1846 2750 ’

122 2789 347 2838 nigrantur
358 2794 530 2840 propter
541 2790 738 2839 designat
757 2790 801 2828 in
816 2791 896 2839 782
915 2790 1056 2842 (nigro
1078 2794 1126 2828 ut
1139 2791 1408 2830 transitivum
1426 2795 1606 2842 usurpat
1617 2790 1794 2838 Statius,

121 2841 227 2882 silv.
250 2843 291 2883 ii.
313 2846 353 2884 6.
375 2845 448 2893 83)
598 2856 677 2895 795
703 2844 909 2883 adversus
927 2843 1005 2882 PL
1025 2858 1035 2884 z
1063 2857 1237 2884 aversus
1256 2845 1326 2886 ωδ
1479 2858 1556 2896 797
1585 2845 1795 2884 obsistere
1832 2847 1834 2849 ’

121 2896 335 2935 Baehrens
355 2912 365 2937 ε
392 2898 601 2939 absistere
618 2898 730 2939 Paos
749 2898 864 2949 quod
878 2912 917 2939 v.
937 2900 1015 2937 812
1037 2898 1235 2951 discrepat
1311 2942 1315 2945 ,
1415 2901 1500 2940 800
1527 2899 1694 2950 signum
1709 2929 1720 2940 .
1744 2927 1755 2939 .
1778 2928 1790 2940 .

122 2952 267 2991 datum
286 2951 446 2993 PBNS
464 2966 475 2993 ε
501 2955 625 3005 signo
645 2982 655 2993 .
682 2983 692 2994 .
717 2981 728 2993 .
753 2955 852 2993 dato
872 2952 1002 3005 DKQ
