1884 3204
142 112 196 160 P.
230 113 476 162 PAPINI
512 114 719 163 STATI

140 234 367 284 consedit
401 234 669 298 viridisque
702 251 901 284 umeros
936 244 986 285 et
1021 252 1178 300 opaca
1212 235 1389 286 theatri
1828 295 1830 299 .

141 315 359 364 culmina
393 332 486 364 ceu
521 317 650 364 latae
685 316 958 366 tremefecit
993 319 1125 367 mole
1160 317 1360 368 ruinae:
1731 334 1831 383 715·

141 397 287 460 quale
321 395 594 460 vaporifera
629 412 801 445 saxum
838 398 1174 461 Polyphemus
1208 399 1275 447 ab
1308 401 1474 448 Aetna

139 475 263 525 lucis
299 485 474 540 egente
496 481 661 527 'manu
696 486 865 526 tamen
899 477 952 526 in
986 477 1191 542 vestigia
1225 479 1406 543 puppis

138 557 338 607 auditae
373 556 607 621 iuxtaque
642 557 900 607 inimicum
937 558 1096 623 exegit
1131 558 1325 609 Vlixen.

143 635 234 704 [sic
270 647 319 687 et
354 638 581 699 Aloidae,
619 656 734 687 cum
770 638 868 688 iam
905 641 1116 689 calcaret
1153 640 1426 704 Olympum

141 720 354 784 desuper
390 721 518 769 Ossa
555 719 730 783 rigens,
769 719 876 784 ipsa
908 720 1113 784 glaciale
1148 722 1373 770 ferebant
1733 726 1837 786 720'

142 800 317 849 Pelion
351 809 401 849 et
437 800 631 864 trepido
667 801 932 864 sperabant
967 800 1168 864 iungere
1204 799 1384 869 caelo.]
1839 797 1840 800 ¹

207 883 341 929 Tum
376 880 571 944 genitus
607 883 766 930 Talao
800 880 975 930 victori
1009 881 1156 944 tigrin
1190 882 1393 933 inanem

140 961 209 1011 i-re
243 961 395 1022 iubet,
434 954 569 1010 ful'vo
605 978 733 1025 quae
768 961 1067 1011 circumfusa
1101 962 1292 1012 nitebat

140 1043 359 1106 margine
394 1051 443 1092 et
479 1051 725 1092 extremos
760 1060 882 1092 auro
918 1054 1261 1093 mansueverat
1290 1045 1481 1109 unguis.
1842 1089 1846 1092 .

141 1123 419 1173 Gnosiacos
454 1140 597 1172 arcus
633 1124 785 1173 habet
821 1133 870 1173 et
904 1141 1027 1187 vaga
1062 1127 1160 1174 tela
1197 1127 1534 1176 Menestheus.
1733 1142 1814 1192 725
1850 1187 1851 1190 Ἴ

145 1210 156 1231 ‘
174 1207 244 1254 At
279 1205 401 1266 tibi,'
435 1204 504 1253 ait
544 1209 555 1231 ‘
575 1206 806 1269 Phlegya,
846 1222 964 1255 casu
999 1207 1261 1256 frustrante
1297 1206 1513 1269 sinistro,
1839 1201 1844 1206 ³

144 1287 292 1347 hunc,
331 1288 589 1350 quondam
626 1286 781 1335 nostri
815 1288 970 1336 decus
1006 1286 1344 1351 auxiliumque
1380 1288 1586 1353 Pelasgi,

142 1370 265 1418 ferre
302 1369 493 1428 damus,
533 1384 697 1431 neque
734 1367 868 1417 enim
906 1367 1271 1433 Hippomedon
1307 1368 1552 1432 inviderit,
1591 1387 1776 1421 ensem.
1841 1403 1844 1411 ·

142 1467 276 1499 nunc
312 1466 437 1513 opus
474 1458 548 1498 est
583 1449 792 1498 animis:
838 1450 1044 1499 infestos
1080 1450 1238 1500 tollite
1273 1461 1466 1500 caestus

140 1530 420 1580 comminus
437 1549 451 1592 3
497 1532 622 1580 haec
658 1530 800 1580 bellis
836 1541 885 1581 et
920 1534 1047 1581 ferro
1082 1531 1308 1595 proxima
1342 1531 1524 1582 virtus.'
1739 1552 1816 1594 730
1844 1567 1847 1570 <

210 1612 447 1663 Constitit
482 1612 712 1661 immanis
750 1613 884 1662 cerni
919 1613 1251 1677 immanisque
1287 1613 1450 1663 timeri
1843 1609 1848 1612 ’

142 1694 402 1759 Argolicus
441 1696 720 1757 Capaneus,
758 1712 817 1744 ac
853 1696 975 1745 dum
1010 1695 1254 1760 nigrantia
1288 1695 1498 1759 plumbo

141 1776 359 1839 tegmina
394 1777 548 1825 cruda
584 1776 737 1824 boum
773 1793 877 1825 non
912 1776 1108 1826 mollior
1143 1776 1249 1840 ipse
1283 1776 1477 1826 lacertis

142 1856 376 1916 induitur,
419 1860 430 1882 ‘
451 1859 582 1905 Date
617 1866 692 1906 tot
726 1856 963 1906 iuvenum
999 1859 1063 1906 de
1100 1857 1299 1906 milibus
1335 1875 1493 1906 unum
1846 1911 1847 1915 ,

141 1939 270 1987 huc'
305 1937 373 1986 ait
407 1940 422 1962 ‘
442 1947 592 2001 atque
628 1937 819 1986 utinam
854 1938 1019 2002 potius
1056 1939 1120 1987 de
1157 1938 1307 2002 stirpe
1343 1939 1531 1988 veniret
1729 1952 1849 2002 735

141 2021 367 2068 aemulus
403 2019 581 2080 Aonia,
621 2037 770 2084 quem
807 2022 879 2069 fas
916 2019 1176 2069 demittere
1211 2021 1326 2079 leto,

142 2107 267 2153 †nec
303 2118 415 2151 mea
450 2101 663 2151 crudelis
699 2101 829 2151 civili
865 2100 1104 2165 sanguine
1139 2100 1354 2154 virtus.'†

143 2182 427 2247 obstipuere
462 2182 630 2243 animi,
669 2181 885 2246 fecitque
922 2182 1116 2232 silentia
1151 2191 1316 2232 terror.

143 2265 346 2312 tandem
382 2263 658 2327 insperatus
695 2265 832 2313 nuda
866 2264 931 2313 de
966 2264 1113 2327 plebe
1149 2265 1410 2312 Laconum

143 2345 333 2409 prosilit
367 2344 686 2406 Alcidamas3
733 2344 971 2394 mirantur
1008 2344 1192 2393 Dorica
1226 2361 1397 2408 regum
1736 2363 1815 2407 740
1852 2355 1855 2406 ζ
1881 2400 1883 2403 ,

143 2426 354 2491 agmina,
394 2427 482 2477 sed
519 2425 640 2475 socii
675 2427 854 2475 fretum
892 2427 1096 2476 Polluce
1132 2425 1365 2489 magistro

143 2516 322 2557 norant
357 2516 407 2556 et
443 2524 604 2556 sacras
639 2507 767 2556 inter
801 2506 1011 2556 crevisse
1045 2508 1326 2570 palaestras.

201 2639 280 2687 718
309 2637 467 2676 inicum
500 2636 544 2675 P
769 2649 953 2686 719-721
984 2636 1136 2675 omissi
1166 2650 1192 2676 a
1222 2633 1331 2676 PwS
1367 2637 1412 2676 in
1452 2637 1663 2677 nonnullis
1696 2638 1810 2680 codd.
1846 2664 1848 2667 v

145 2692 353 2731 deterioris
386 2697 508 2731 notae
535 2691 736 2741 leguntur
842 2705 924 2741 720
951 2690 1147 2730 ferebant
1166 2692 1253 2733 edd.
1275 2706 1284 2731 :
1312 2690 1474 2731 ferebat
1492 2691 1627 2737 codd..
1733 2705 1812 2743 722
1849 2715 1852 2716 ν

146 2753 246 2786 tunc
266 2746 306 2797 Q
483 2747 562 2796 726
591 2744 822 2784 frustrante
842 2745 923 2783 PA
950 2745 1031 2786 cod.
1059 2745 1175 2786 Bodl.
1208 2746 1311 2786 Can.
1342 2760 1391 2796 77
1414 2760 1424 2785 :
1451 2747 1654 2785 frustrate
1683 2747 1811 2799 (frus.
1849 2762 1854 2768 ⁴

147 2801 248 2840 tiate
275 2801 336 2851 B)
365 2799 434 2839 coS
569 2813 650 2850 729
677 2800 935 2850 interpunxit
959 2800 1209 2839 Kohlmann
1320 2800 1457 2840 tollite
1479 2800 1535 2840 P:
1575 2800 1728 2840 tollere
1747 2799 1817 2841 ω3

149 2867 221 2905 731
262 2855 401 2893 timeri
432 2854 598 2894 PB'D:
636 2854 745 2893 tueri
774 2854 1037 2904 B2KQNSA
1236 2856 1315 2905 736
1356 2855 1569 2894 dimittere
1607 2854 1851 2910 PBDNQ

152 2909 291 2963 <haud
304 2910 386 2949 scio
403 2922 460 2949 an
478 2909 563 2962 ωδ)
677 2921 754 2959 737
783 2922 862 2948 nec
881 2908 1128 2960 PBKQNS
1145 2923 1154 2949 :
1185 2922 1239 2949 ne
1262 2916 1302 2964 (c
1321 2910 1546 2963 suprascf.)
1569 2909 1626 2961 D,
1647 2909 1783 2951 Barth
1844 2932 1847 2934 ·
