1884 3204
124 109 179 159 P‘.
218 113 461 160 ΡΑΡΙΝΙ
494 113 701 162 STATI

123 251 217 300 hac
252 260 302 299 et
338 253 630 301 tunc.fusca
665 253 866 300 volucer
901 228 1025 300 deus
1062 250 1253 300 obsitus
1295 253 1472 302 umbra
1742 275 1794 315 55
1871 319 1873 323 Α

123 330 283 380 exsilit
317 333 382 380 ad
418 349 635 396 superos,
674 331 964 394 infernaque
1000 330 1171 380 nubila
1206 333 1345 380 vultu

123 411 325 460 discutit
361 422 410 460 et
445 412 566 460 vivis
602 411 866 460 adflatibus
902 428 989 459 ora
1024 420 1230 460 serenat.

121 492 241 542 inde
276 510 364 556 per
398 496 664 541 Arcturum
702 492 996 556 mediaeque
1032 492 1227 542 silentia
1262 496 1437 544 Lunae

120 591 237 621 arva
273 591 419 637 super
456 576 768 637 populosque
805 583 950 622 meat.
1025 575 1186 638 Sopor
1221 574 1397 625 obvius
1432 575 1503 624 illi

124 654 300 710 Noctis
335 656 514 717 agebat
550 671 721 718 equOS,
760 654 1084 718 trepidusque
1120 656 1329 719 assurgit
1363 656 1543 706 honori
1740 666 1796 707 60

123 735 340 784 numinis
377 745 426 784 et
462 745 597 785 recto
634 735 835 784 decedit
870 735 1026 785 limite
1062 737 1199 785 caeli.

123 817 324 865 inferior
361 819 494 865 volat
529 818 706 866 umbra
742 819 852 876 de0‚
893 827 1251 881 praereptaque
1287 819 1449 868 noscit

122 898 283 947 sidera
318 898 717 962 principiumque
755 898 831 947 sui
848 917 862 959 3
909 898 1110 962 iamque
1145 901 1300 949 ardua
1335 900 1540 952 Cirrhae

121 981 464 1043 pollutam-que
500 997 592 1029 suo
629 982 886 1045 despectat
923 981 1148 1031 Phocida
1182 983 1344 1032 busto.

122 1070 324 1109 ventum
361 1071 464 1110 erat
499 1063 563 1110 ad
600 1062 803 1111 Thebas
820 1081 834 1123 3
880 1063 1069 1126 gemuit
1103 1081 1259 1127 prope
1294 1064 1468 1114 limina
1502 1065 1606 1114 nati
1740 1074 1792 1127 65

121 1142 288 1203 Laius,
325 1152 373 1191 et
409 1152 556 1192 notos
593 1152 854 1193 cunctatus
890 1143 1015 1193 inire
1049 1145 1256 1208 penatis,

120 1233 174 1271 ut
209 1241 326 1273 vero
363 1234 411 1273 et
447 1224 591 1273 celsis
629 1235 822 1275 suamet
857 1225 971 1289 iuga
1007 1227 1122 1276 nixa
1158 1227 1406 1277 columnis

119 1304 242 1354 vidit
278 1315 327 1354 et
362 1305 573 1355 infectos
610 1306 885 1356 etiamnum
922 1308 1161 1372 sanguine
1197 1326 1379 1369 currus,

119 1404 278 1450 paene
314 1397 442 1436 retro
479 1389 704 1438 turbatus
739 1389 876 1438 abit:
926 1408 1019 1440 nec
1045 1407 1241 1440 summa
1265 1391 1509 1441 Tonantis

118 1469 250 1517 iussa
286 1487 379 1518 nec
415 1470 659 1519 Arcadiae
694 1471 909 1520 retinent
945 1472 1213 1536 spiramina
1236 1473 1412 1537 virgae.
1740 1492 1795 1536 70

189 1553 253 1599 Et
289 1560 408 1600 tunc
444 1553 569 1601 forte
606 1552 712 1601 dies
749 1563 871 1602 noto
908 1553 1098 1617 signata
1133 1555 1379 1604 Tonantis

117 1631 338 1692 fulmine,
378 1633 628 1697 praerupti
664 1651 778 1683 cum
816 1644 881 1696 te,
918 1644 1056 1685 tener
1093 1636 1270 1697 Euhie,
1308 1646 1475 1701 partus

118 1713 430 1782 transmisere
466 1714 604 1778 patri.
678 1715 838 1779 Tyriis
875 1734 934 1765 ea
968 1733 1119 1766 causa
1152 1719 1345 1767 colonis

118 1795 399 1844 insomnem
436 1797 557 1845 ludo
594 1796 817 1845 certatim
855 1800 1068 1847 educere
1104 1808 1305 1848 noctem

118 1886 335 1925 suaserat
352 1895 366 1937 3
412 1877 554 1926 effusi
588 1878 771 1941 passim
809 1896 896 1942 per
930 1889 1074 1940 tecta,
1113 1898 1200 1944 per
1234 1898 1390 1945 agros,
1740 1903 1789 1946 75

117 1965 245 2005 serta
279 1956 406 2006 inter
441 1975 726 2022 vacuosque
762 1977 900 2009 mero
935 1971 1146 2011 crateras
1181 1964 1419 2012 anhelum

117 2039 396 2101 proflabant
433 2040 525 2088 sub
562 2042 674 2089 luce
710 2043 861 2090 deum
879 2060 892 2102 3
939 2051 1059 2092 tunc
1095 2043 1307 2107 plurima
1343 2045 1502 2094 buxus

114 2137 327 2184 aeraque
364 2121 583 2170 taurinos
620 2122 786 2171 sonitu
821 2123 1072 2173 vincentia
1106 2127 1291 2188 pulsus.

115 2202 221 2264 ipse
258 2202 406 2251 etiam
442 2204 664 2266 gaudens
701 2221 966 2254 nemorosa
1001 2223 1088 2269 per
1122 2206 1231 2256 avia
1267 2224 1411 2257 sanas

115 2283 376 2347 impulerat
413 2294 594 2334 matres
632 2288 835 2335 Baccho
872 2287 1076 2337 meliore
1113 2288 1418 2338 Cithaeron:
1736 2301 1791 2341 80

115 2364 280 2427 qualia
315 2383 402 2429 per
439 2368 725 2431 Rhodopen
762 2368 937 2418 rabido
972 2370 1201 2419 convivia
1236 2380 1383 2420 coetu

170 2507 223 2545 55
253 2501 342 2534 tum
373 2497 411 2546 Q
580 2500 636 2536 60
665 2499 920 2549 trepidoque
949 2501 994 2539 D
1165 2503 1219 2540 62
1247 2502 1360 2541 volat
1390 2502 1544 2553 BDQ:
1572 2511 1685 2544 meat
1703 2504 1791 2544 PK

115 2551 253 2598 65—66
281 2564 365 2589 om.
387 2551 432 2589 D
452 2565 471 2589 e
490 2557 676 2592 contextu
873 2557 928 2594 66
955 2560 1090 2595 exstat
1106 2556 1148 2594 in
1169 2557 1216 2596 D
1233 2569 1394 2596 summ.
1419 2571 1507 2608 mg.
1528 2558 1616 2598 ead.
1641 2572 1699 2599 m.
1721 2559 1795 2598 ubi

115 2605 239 2643 etiam
342 2608 395 2654 65
426 2607 525 2645 olim
544 2609 768 2659 asscriptus
787 2615 884 2661 erat,
905 2615 953 2649 ut
963 2612 1156 2661 suspicor,
1172 2611 1246 2650 sed
1253 2612 1425 2663 paginis
1436 2613 1629 2662 praecisis
1646 2614 1792 2654 excidit

115 2660 169 2696 66
198 2666 424 2699 cunctatus
445 2660 511 2699 P:
541 2668 763 2701 cunctatur
791 2668 873 2703 cett.
1013 2667 1065 2715 67
1096 2678 1145 2704 ex
1163 2666 1238 2705 hoc
1255 2680 1374 2706 versu
1397 2667 1536 2718 incipit
1549 2668 1608 2718 N,
1629 2669 1678 2718 cf.
1699 2674 1782 2709 not.

115 2713 175 2751 ad
191 2714 217 2755 i.
242 2726 275 2753 1.
337 2720 378 2753 et
398 2716 525 2754 celsis
554 2715 727 2755 PBDN
741 2732 750 2756 ε
781 2718 966 2758 excelsis
987 2718 1109 2769 QKS
1312 2734 1359 2771 71
1393 2728 1506 2761 torto
1534 2721 1787 2762 Lachmann

117 2781 168 2817 74
197 2769 354 2807 ducere
372 2768 467 2808 DN
486 2769 583 2810 cod.
606 2771 752 2822 Magd.
924 2787 973 2824 77
1004 2780 1105 2813 tunc
1134 2774 1199 2814 P:
1229 2780 1317 2814 tum
1346 2792 1377 2815 ω
1507 2778 1559 2826 78
1588 2778 1788 2817 ducentia

117 2823 382 2868 (†vincentia
400 2827 630 2875 suprascr.)
660 2825 730 2864 N:
761 2827 976 2867 vincentia
999 2830 1247 2881 (†ducentia
1265 2830 1495 2882 suprascr.)
1519 2831 1615 2872 Cod.
1636 2831 1782 2883 Magd.

115 2877 364 2926 Tyrrhenos
394 2879 560 2918 sonitus
598 2879 821 2920 vincentia
848 2884 973 2932 pulsu
1011 2882 1264 2923 Lachmann
1286 2900 1295 2924 ε
1329 2887 1525 2924 *taurinas
1545 2915 1556 2927 .
1579 2916 1590 2927 .
1614 2916 1625 2927 .
1649 2887 1787 2937 pelles

114 2931 337 2980 Baehrens,
364 2933 414 2982 cf.
444 2932 578 2972 schol.
610 2934 757 2986 Magd.
793 2937 1151 2977 ‘instrumentum
1183 2940 1350 2978 taurina
1376 2941 1487 2991 pelle
1522 2941 1781 2980 involutum’

117 2999 171 3037 79
199 2999 326 3025 sanas
347 2987 445 3038 (rivi
465 2990 695 3041 suprascr.)
716 2989 761 3028 D
926 2993 976 3030 81
1010 2993 1200 3032 convicia
1230 2994 1269 3043 Q

1875 586 1884 723 ...mmm-n.—
