1884 3204
172 97 224 144 P.
264 97 506 146 ΡΑΡΙΝΙ
542 97 749 148 STATI

169 243 218 283 et
253 236 369 285 Nox
403 245 453 285 et
487 252 643 285 cornu
676 235 895 300 fugiebat
929 237 1144 286 Somnus
1179 235 1316 286 inani
1330 254 1344 298 ;

167 315 268 365 iam
307 318 543 381 plangore
577 316 699 377 viae,
736 317 923 381 gemitu
957 317 1056 366 iam
1090 317 1222 382 regia
1256 316 1412 381 mugit

168 397 358 457 flebilis,
398 407 630 462 acceptos
665 400 813 462 longe
847 415 1053 449 nemora
1086 398 1196 447 avia
1230 400 1460 462 frangunt

169 478 599 543 multiplicantque
634 496 797 528 sonos.
841 476 844 479 ’
871 481 1012 529 sedet
1046 479 1153 544 ipse
1188 489 1363 529 exutus
1398 479 1592 527 honoro

167 559 398 608 vittarum
435 576 564 609 nexu
600 560 793 623 genitor
827 560 1203 624 squalentiaque
1238 576 1324 608 ora

168 657 362 703 sparsus
399 650 449 690 et
483 640 721 690 incultam
757 640 893 691 ferali
927 643 1128 705 pulvere
1163 641 1382 690 barbam.

166 720 385 784 asperior
420 730 594 770 contra
627 724 957 785 planctusque
992 738 1186 786 egressa
1220 721 1370 770 virilis

167 803 395 865 exemplo
430 803 639 851 famulas
675 802 854 866 premit
889 804 1210 866 hortaturque
1243 801 1454 852 volentis

166 883 287 932 orba
321 900 512 947 parenS,
552 885 836 946 lacerasque
872 899 1019 947 super
1052 884 1379 947 procumbere
1413 882 1516 932 nati

165 963 396 1027 reliquias
432 965 573 1013 ardet
608 963 891 1027 totiensque
925 966 1095 1013 avulsa
1129 966 1345 1014 refertur.
1466 978 1469 979 ’

164 1054 298 1094 arcet
334 1054 383 1093 et
418 1044 544 1108 ipse.
560 1053 710 1108 pater.
784 1061 901 1093 mox
935 1053 991 1094 ut
1025 1045 1295 1094 maerentia
1335 1044 1497 1108 dignis

163 1125 381 1174 vultibus
420 1125 614 1174 Inachii
649 1134 968 1189 penetrarunt
1001 1125 1174 1175 limina
1208 1143 1360 1190 reges,

164 1223 256 1255 ceu
292 1223 423 1255 nova
457 1215 577 1255 tunc
614 1208 780 1256 clades
817 1215 866 1256 et
901 1206 1062 1270 primo
1100 1207 1295 1257 saucius
1330 1207 1493 1256 infans

163 1289 367 1337 vulnere
402 1287 623 1336 letalisve
658 1287 964 1352 inrumperet
998 1287 1121 1337 atria
1156 1304 1397 1353 serpenss

162 1367 234 1417 sic
269 1367 420 1417 alium
457 1385 518 1417 ex
551 1368 649 1418 alio
685 1384 991 1432 quamquam
1025 1369 1205 1418 lassata
1239 1371 1481 1434 fragorem

162 1458 365 1512 pectora
400 1449 768 1513 congeminant,
806 1449 1150 1514 integratoque
1184 1452 1422 1500 resultant

162 1547 403 1580 accensae
438 1532 656 1580 clamore
690 1532 851 1592 fores;
897 1547 1095 1581 sensere
1130 1531 1323 1596 Pelasgi

162 1611 402 1661 invidiam
439 1621 488 1661 et
525 1611 739 1661 lacrimis
775 1621 1011 1662 excusant
1046 1614 1236 1662 crimen
1270 1611 1470 1663 obortis.

233 1695 363 1757 Ipse,
402 1694 575 1742 datum
611 1693 842 1757 quotiens
878 1693 1212 1758 intereisoque
1247 1695 1465 1743 tumultu

163 1772 411 1822 conticuit*
439 1776 714 1838 stupefacta
749 1776 943 1835 domus,
983 1776 1169 1824 solatur
1203 1777 1445 1825 Adrastus

162 1854 410 1919 adloquiis
446 1855 722 1919 genitorem
758 1858 901 1917 ultr0‚
939 1873 1075 1906 nunc
1109 1858 1210 1906 fata
1243 1873 1505 1906 recensens

162 1952 339 1999 resque
376 1936 638 1985 hominum
675 1937 822 1986 duras
859 1946 908 1986 et
942 1937 1243 1987 inexorabile
1277 1954 1504 2002 pensum,

162 2033 296 2066 nunc
331 2017 478 2066 aliam
514 2019 707 2081 prolem
742 2035 1074 2082 mansuraque
1109 2018 1315 2069 numine
1350 2020 1523 2069 dextro

162 2098 380 2162 pignora.
453 2100 682 2148 nondum
718 2099 841 2149 orsis
877 2101 1074 2160 moduS,
1111 2109 1161 2149 et
1195 2101 1413 2150 lamenta
1445 2099 1688 2168 redibant.
1777 2118 1825 2161 5·

163 2177 266 2246 [ille
303 2196 505 2244 quoque
540 2182 737 2230 adfatus
773 2197 877 2230 non
913 2180 1111 2230 mollius
1146 2181 1286 2230 audit
1318 2180 1522 2242 amiCOS,

162 2278 312 2325 quam
349 2261 499 2311 trucis
536 2261 669 2311 Ionii
705 2262 866 2312 rabies
903 2261 1168 2311 clamantia
1202 2271 1360 2327 ponto

161 2351 277 2392 vota
311 2342 470 2391 virum
505 2352 591 2391 aut
627 2343 789 2392 tenuis
826 2352 1000 2392 curant
1033 2360 1156 2407 vaga
1190 2342 1398 2392 fulmina
1433 2340 1670 2410 nimbos]

228 2422 474 2472 Tristibus
510 2423 697 2473 interea
731 2424 878 2474 ramis
915 2433 1183 2488 teneraque
1218 2441 1454 2488 cupresso

160 2506 424 2554 damnatus
460 2506 690 2555 flammae
725 2514 860 2555 torus
896 2514 946 2555 et
981 2505 1167 2569 puerile
1203 2507 1437 2555 feretrum
1778 2501 1828 2568 55

215 2647 268 2685 29
298 2634 498 2683 frangunt
523 2640 651 2686 paene
679 2648 782 2675 eras.
814 2641 1020 2686 suprascr.
1043 2634 1251 2685 plangunt
1271 2633 1311 2686 Q
1529 2647 1585 2684 30
1614 2633 1772 2689 honore
1790 2634 1835 2675 P

159 2701 212 2739 35
242 2689 522 2739 procumbere
559 2689 659 2729 ωδε
707 2702 986 2740 prorumpere
1025 2689 1068 2728 P
1256 2701 1306 2739 41
1339 2689 1511 2739 fragore
1547 2687 1591 2727 P
1776 2701 1834 2740 49

159 2743 354 2795 numine]
377 2744 554 2794 pignora
573 2744 619 2782 N
796 2757 850 2794 50
877 2744 1072 2796 pignora]
1094 2744 1331 2783 munereN
1505 2740 1640 2793 51—5'3
1668 2748 1812 2783 exstan
1842 2752 1847 2770 ⁴-

159 2798 203 2836 in
233 2796 311 2846 ωδ,
346 2811 429 2838 om.
460 2798 502 2836 P
522 2798 652 2838 adscr.
681 2798 734 2837 al.
764 2812 822 2838 m.
850 2798 1064 2848 ‘deficiunt
1090 2797 1194 2850 tres‚'
1221 2811 1304 2837 non
1333 2798 1523 2849 agnoscit
1548 2796 1599 2837 L.
1775 2808 1836 2850 53

160 2852 345 2946 flumin}=
364 2852 455 2891 DN
483 2852 575 2893 dett.
613 2853 814 2905 quidam:
855 2866 913 2894 an
947 2853 1117 2893 flumina
1154 2853 1346 2894 lembos?
1390 2853 1563 2891 flumina
1595 2850 1713 2892 cultu
1772 2869 1834 2885 ι’-

161 2906 284 2946 Bodl.
343 2920 413 2946 an.
440 2920 488 2957 77
