1884 3204
954 113 1366 165 THEBAIDOS
1404 114 1618 162 LIBER
1656 116 1738 162 III

160 256 310 304 Mons
345 260 446 302 erat
479 249 656 300 audaci
692 250 925 298 seductus
961 248 1011 296 in
1047 250 1247 297 aethera
1282 250 1431 297 dorso
1658 259 1741 308 460

39 350 44 362 ’
92 333 313 399 (nomine
347 329 554 380 Lernaei
588 337 864 378 memorant
899 330 1152 391 Apesanta
1185 328 1389 392 coloni),

90 413 315 479 gentibus
350 410 589 474 Argolicis
625 409 744 458 olim
780 425 915 458 sacer
932 427 946 469 ,·
991 408 1108 458 inde
1145 410 1365 458 ferebant

91 493 257 545 nubila
290 508 530 556 suspenso
564 492 772 540 celerem
808 498 1071 538 temerasse
1106 491 1271 538 volatu

90 578 277 634 Persea,
316 589 429 622 curn
465 580 628 635 raptos
663 570 801 634 pueri
837 569 1089 634 perterrita
1124 579 1305 619 mater>

38 665 44 669 ’
89 653 333 720 prospexit
367 655 429 702 de
464 668 583 715 rupe
617 652 795 715 gradus
830 667 889 699 ac
924 667 1081 713 paene
1117 660 1286 699 secuta
1320 661 1407 699 est.
1659 659 1741 711 465

53 737 186 784 huc
218 732 400 797 gemini
434 741 569 781 vates
605 741 826 780 sanctam
861 731 1083 780 canentis
1120 731 1278 780 olivae

87 816 259 864 fronde
294 830 489 863 comam
524 822 573 862 et
608 812 762 861 niveis
798 811 957 861 ornati
992 821 1215 875 tempora
1250 811 1379 861 vittis

59 903 62 907 '
89 896 302 946 evadunt
336 894 526 958 pariter,
566 893 794 943 madidos
830 892 916 942 ubi
952 892 1145 942 lucidus
1180 909 1321 956 agros

88 985 221 1026 ortus
256 984 305 1024 et
338 974 544 1038 algentis
580 974 758 1023 laxavit
793 976 896 1024 sole
931 973 1144 1037 pruinas.

36 1110 43 1116 Ζ
88 1073 146 1106 ac
180 1055 309 1120 prior
345 1055 577 1106 Oeclides
614 1055 814 1104 solitum
850 1072 996 1119 prece
1031 1072 1218 1104 numen
1254 1055 1464 1105 amicat:
1662 1073 1745 1116 470

91 1141 103 1164 ‘
123 1137 343 1200 Iuppiter
377 1137 692 1201 omnipotens
728 1135 865 1202 (nam
901 1146 949 1186 te
983 1136 1264 1200 pernicibus
1299 1136 1388 1186 alis

87 1220 269 1269 addere
303 1218 563 1268 consilium
599 1220 921 1282 volucresque
955 1218 1158 1282 implere
1192 1218 1341 1267 futuri

90 1299 354 1363 ominaque
389 1309 438 1349 et
473 1316 645 1348 causas
681 1301 818 1348 caelo
854 1300 1042 1348 deferre
1078 1299 1272 1348 latentis

90 1379 393 1444 accipimus),
433 1396 535 1428 non
572 1379 744 1429 Cirrha
779 1381 929 1429 deum
965 1379 1243 1441 promiserit
1278 1388 1419 1427 antro

92 1461 279 1521 certius,
317 1470 402 1509 aut
436 1462 635 1510 frondes
671 1460 793 1510 lucis
829 1476 952 1523 quas
987 1461 1118 1508 fama
1156 1459 1390 1508 Molossis
1664 1482 1744 1522 475

91 1541 338 1593 Chaonias
374 1541 597 1590 sonuisse
633 1540 736 1601 tibi,
774 1540 889 1590 licet
923 1540 1088 1590 aridus
1126 1543 1386 1589 Hammon

89 1621 304 1671 invideat
339 1621 617 1685 Lyciaeque
652 1631 824 1685 parent
859 1623 1160 1671 contendere
1195 1631 1350 1671 sortes

93 1703 439 1766 Niliacumque
474 1719 626 1766 pecus
662 1703 919 1766 patrioque
954 1712 1195 1766 aequatus
1231 1703 1409 1752 honori

93 1785 358 1843 Branchus,
396 1793 446 1832 et
479 1786 701 1833 undosae
737 1801 886 1848 quem
921 1784 1129 1834 rusticus
1163 1787 1334 1834 accola
1369 1784 1511 1834 Pisae

11 1895 14 1899 ,
94 1867 229 1914 Pana
265 1865 515 1928 Lycaonia
549 1875 847 1914 nocturnum
884 1865 1082 1914 exaudit
1118 1865 1169 1914 in
1206 1866 1413 1914 umbra:
1661 1876 1745 1925 480

92 1944 240 1995 ditior
273 1945 354 1994 ille
388 1944 558 2005 animi,
593 1945 673 1994 cui
709 1954 774 2005 tu,
816 1945 1036 2005 Dictaee‚
1077 1948 1320 1995 secundas

94 2025 344 2091 impuleris
381 2025 666 2074 manifestus
701 2025 816 2074 avis.
890 2026 1069 2075 mirum
1106 2029 1253 2087 unde,
1293 2029 1381 2076 sed
1418 2027 1537 2077 olim
1573 2037 1648 2077 est

97 2107 177 2159 hic
211 2109 371 2156 honor
404 2106 616 2166 alitibus,
654 2123 858 2170 superae
893 2123 980 2156 seu
1017 2107 1244 2157 conditor
1279 2111 1421 2158 aulae

96 2187 166 2237 sic
201 2186 339 2236 dedit
373 2188 583 2236 effusum
619 2188 769 2236 chaos
805 2187 855 2235 in
891 2204 1021 2237 nova
1055 2188 1245 2238 semina
1280 2180 1463 2250 teXens,

98 2285 184 2318 seu
220 2268 335 2332 quia
371 2277 586 2316 mutatae
621 2278 886 2331 nostraque
921 2269 986 2317 ab
1022 2269 1208 2333 origine
1244 2270 1393 2319 versis
1666 2280 1748 2332 485

95 2349 381 2412 corporibus
416 2348 608 2397 subiere
644 2350 818 2408 Notos,
857 2366 944 2398 seu
978 2350 1144 2413 purior
1177 2350 1278 2399 axis

94 2439 415 2492 amotumque
450 2431 587 2478 nefas
622 2439 671 2478 et
706 2446 865 2478 rarum
902 2430 1124 2481 insistere
1159 2431 1295 2480 terris

61 2514 65 2515 ⁷
94 2526 207 2559 vera
240 2511 453 2571 docent;
499 2510 601 2570 tibi,
641 2527 833 2561 summe
869 2521 999 2560 sator
1034 2521 1288 2576 terraeque
1322 2515 1587 2577 deumque,

148 2639 230 2688 460
258 2639 488 2678 subductus
507 2638 710 2678 Heinsius
728 2639 958 2679 Scriverius
1094 2644 1171 2691 461
1203 2648 1408 2691 apesanta
1423 2642 1486 2692 Q:
1515 2644 1750 2694 aphesanta

95 2691 261 2732 PBND
420 2695 502 2742 466
530 2694 641 2732 hunc
660 2695 702 2732 P
720 2708 729 2733 :
759 2695 838 2733 hoc
865 2694 985 2745 NSQ
1004 2695 1049 2747 (u
1068 2702 1274 2746 suprascr.
1297 2697 1352 2736 al.
1377 2711 1434 2736 m.
1458 2698 1518 2748 Q)
1668 2713 1749 2749 470

95 2747 263 2787 solitum
281 2745 347 2784 P:
377 2747 500 2786 solita
518 2747 587 2787 ωδ
721 2761 800 2797 473
830 2749 1007 2799 omniaq.
1030 2749 1073 2787 P
1196 2763 1276 2800 474
1306 2751 1483 2791 Cirrhea
1502 2751 1544 2790 P
1668 2756 1749 2802 476

95 2801 283 2841 Chaonis
309 2801 351 2840 P
537 2803 618 2851 478
645 2810 847 2851 aequatus
875 2803 912 2842 L
945 2803 1022 2855 (ad
1044 2804 1081 2843 T
1077 2804 1117 2844 h.
1140 2805 1224 2845 viii.
1254 2806 1349 2856 198)
1372 2820 1381 2845 :
1421 2806 1606 2856 aequalis
1636 2808 1747 2847 codd.

97 2867 177 2905 479
203 2855 272 2905 qui
305 2854 432 2905 codd„
469 2868 568 2895 corr.
604 2855 778 2896 Mueller
963 2859 1043 2907 482
1072 2858 1195 2898 olims
1231 2859 1284 2908 P,
1325 2859 1434 2899 unde
1470 2861 1612 2901 olimst
1644 2876 1745 2901 corr.

98 2908 294 2949 Mueller:
323 2910 423 2949 olim
443 2916 510 2950 est
530 2911 696 2962 scripsi:
731 2910 831 2950 olim
850 2911 920 2952 ωδ
