<?xml version="1.0" encoding="UTF-8"?>
<!DOCTYPE html PUBLIC "-//W3C//DTD XHTML 1.0 Transitional//EN"
    "http://www.w3.org/TR/xhtml1/DTD/xhtml1-transitional.dtd">
<html xmlns="http://www.w3.org/1999/xhtml" xml:lang="en" lang="en">
 <head>
  <title>
</title>
<meta http-equiv="Content-Type" content="text/html;charset=utf-8" />
  <meta name='ocr-system' content='tesseract 3.04.00' />
  <meta name='ocr-capabilities' content='ocr_page ocr_carea ocr_par ocr_line ocrx_word'/>
</head>
<body>
  <div class='ocr_page' id='page_1' title='image "./thebaisetachille00statuoft_0384.png"; bbox 0 0 1884 3204; ppageno 0'>
   <div class='ocr_carea' id='block_1_1' title="bbox 57 87 637 138">
    <p class='ocr_par' dir='ltr' id='par_1_1' title="bbox 57 87 637 138">
     <span class='ocr_line' id='line_1_1' title="bbox 57 87 637 138; baseline -0.005 0"><span class='ocrx_word' id='word_1_1' title='bbox 57 91 111 138; x_wconf 88' lang='lat' dir='ltr'>P.</span> <span class='ocrx_word' id='word_1_2' title='bbox 143 87 394 137; x_wconf 63' lang='lat' dir='ltr'>‘PAPINI</span> <span class='ocrx_word' id='word_1_3' title='bbox 431 87 637 137; x_wconf 87' lang='lat' dir='ltr'>STATI</span> 
     </span>
    </p>
   </div>
   <div class='ocr_carea' id='block_1_2' title="bbox 57 223 1816 1741">
    <p class='ocr_par' dir='ltr' id='par_1_2' title="bbox 57 223 1816 1105">
     <span class='ocr_line' id='line_1_2' title="bbox 57 223 1456 290; baseline -0.003 -13"><span class='ocrx_word' id='word_1_4' title='bbox 57 243 192 277; x_wconf 90' lang='lat' dir='ltr'>nunc</span> <span class='ocrx_word' id='word_1_5' title='bbox 227 225 418 277; x_wconf 91' lang='lat' dir='ltr'>levibus</span> <span class='ocrx_word' id='word_1_6' title='bbox 455 225 607 286; x_wconf 80' lang='lat' dir='ltr'>sertiS,</span> <span class='ocrx_word' id='word_1_7' title='bbox 645 225 796 290; x_wconf 85' lang='lat' dir='ltr'>lapsis</span> <span class='ocrx_word' id='word_1_8' title='bbox 830 242 965 275; x_wconf 92' lang='lat' dir='ltr'>nunc</span> <span class='ocrx_word' id='word_1_9' title='bbox 1000 233 1178 288; x_wconf 89' lang='lat' dir='ltr'>sponte</span> <span class='ocrx_word' id='word_1_10' title='bbox 1219 223 1456 285; x_wconf 79' lang='lat' dir='ltr'>canistriS,</span> 
     </span>
     <span class='ocr_line' id='line_1_3' title="bbox 58 305 1401 372; baseline -0.001 -16"><span class='ocrx_word' id='word_1_11' title='bbox 58 324 194 357; x_wconf 91' lang='lat' dir='ltr'>nunc</span> <span class='ocrx_word' id='word_1_12' title='bbox 228 309 396 372; x_wconf 91' lang='lat' dir='ltr'>thyrso</span> <span class='ocrx_word' id='word_1_13' title='bbox 432 316 664 371; x_wconf 85' lang='lat' dir='ltr'>parcente</span> <span class='ocrx_word' id='word_1_14' title='bbox 699 306 822 368; x_wconf 89' lang='lat' dir='ltr'>ferit,</span> <span class='ocrx_word' id='word_1_15' title='bbox 862 308 1015 357; x_wconf 91' lang='lat' dir='ltr'>modo</span> <span class='ocrx_word' id='word_1_16' title='bbox 1051 305 1218 356; x_wconf 90' lang='lat' dir='ltr'>dulcia</span> <span class='ocrx_word' id='word_1_17' title='bbox 1252 315 1401 355; x_wconf 87' lang='lat' dir='ltr'>notae</span> 
     </span>
     <span class='ocr_line' id='line_1_4' title="bbox 59 387 1431 457; baseline -0.001 -20"><span class='ocrx_word' id='word_1_18' title='bbox 59 388 141 457; x_wconf 83' lang='lat' dir='ltr'>fila</span> <span class='ocrx_word' id='word_1_19' title='bbox 175 389 306 452; x_wconf 89' lang='lat' dir='ltr'>lyrae</span> <span class='ocrx_word' id='word_1_20' title='bbox 340 388 603 453; x_wconf 86' lang='lat' dir='ltr'><strong>tenuisque</strong></span> <span class='ocrx_word' id='word_1_21' title='bbox 639 389 817 439; x_wconf 90' lang='lat' dir='ltr'>modos</span> <span class='ocrx_word' id='word_1_22' title='bbox 853 397 902 438; x_wconf 90' lang='lat' dir='ltr'>et</span> <span class='ocrx_word' id='word_1_23' title='bbox 937 387 1156 437; x_wconf 90' lang='lat' dir='ltr'>carmina</span> <span class='ocrx_word' id='word_1_24' title='bbox 1191 395 1431 436; x_wconf 89' lang='lat' dir='ltr'>monstrat</span> 
     </span>
     <span class='ocr_line' id='line_1_5' title="bbox 61 466 1797 534; baseline -0.003 -14"><span class='ocrx_word' id='word_1_25' title='bbox 61 467 293 520; x_wconf 87' lang='lat' dir='ltr'>Chironis</span> <span class='ocrx_word' id='word_1_26' title='bbox 329 469 567 534; x_wconf 86' lang='lat' dir='ltr'>ducitque</span> <span class='ocrx_word' id='word_1_27' title='bbox 602 487 806 519; x_wconf 90' lang='lat' dir='ltr'>manum</span> <span class='ocrx_word' id='word_1_28' title='bbox 842 468 1122 533; x_wconf 87' lang='lat' dir='ltr'>digitosque</span> <span class='ocrx_word' id='word_1_29' title='bbox 1159 466 1356 517; x_wconf 92' lang='lat' dir='ltr'>sonanti</span> <span class='ocrx_word' id='word_1_30' title='bbox 1795 529 1797 531; x_wconf 12' lang='grc' dir='ltr'><strong><em>ι</em></strong></span> 
     </span>
     <span class='ocr_line' id='line_1_6' title="bbox 60 536 1811 615; baseline -0.001 -17"><span class='ocrx_word' id='word_1_31' title='bbox 60 549 278 615; x_wconf 89' lang='lat' dir='ltr'>infringit</span> <span class='ocrx_word' id='word_1_32' title='bbox 314 550 542 612; x_wconf 81' lang='lat' dir='ltr'>citharae,</span> <span class='ocrx_word' id='word_1_33' title='bbox 581 568 716 600; x_wconf 91' lang='lat' dir='ltr'>nunc</span> <span class='ocrx_word' id='word_1_34' title='bbox 751 551 963 614; x_wconf 89' lang='lat' dir='ltr'>occupat</span> <span class='ocrx_word' id='word_1_35' title='bbox 998 567 1084 600; x_wconf 89' lang='lat' dir='ltr'>ora</span> <span class='ocrx_word' id='word_1_36' title='bbox 1118 548 1340 598; x_wconf 90' lang='lat' dir='ltr'>canentis</span> <span class='ocrx_word' id='word_1_37' title='bbox 1649 536 1730 607; x_wconf 79' lang='grc'>575</span> <span class='ocrx_word' id='word_1_38' title='bbox 1792 551 1811 602; x_wconf 66' lang='grc' dir='ltr'>ᾗ*</span> 
     </span>
     <span class='ocr_line' id='line_1_7' title="bbox 61 631 1354 697; baseline -0.003 -15"><span class='ocrx_word' id='word_1_39' title='bbox 61 641 111 682; x_wconf 91' lang='lat' dir='ltr'>et</span> <span class='ocrx_word' id='word_1_40' title='bbox 145 631 262 697; x_wconf 88' lang='lat' dir='ltr'>ligat</span> <span class='ocrx_word' id='word_1_41' title='bbox 296 634 554 697; x_wconf 87' lang='lat' dir='ltr'>amplexus</span> <span class='ocrx_word' id='word_1_42' title='bbox 589 641 637 682; x_wconf 92' lang='lat' dir='ltr'>et</span> <span class='ocrx_word' id='word_1_43' title='bbox 673 631 807 681; x_wconf 91' lang='lat' dir='ltr'>mille</span> <span class='ocrx_word' id='word_1_44' title='bbox 843 648 930 695; x_wconf 91' lang='lat' dir='ltr'>per</span> <span class='ocrx_word' id='word_1_45' title='bbox 965 632 1136 680; x_wconf 89' lang='lat' dir='ltr'>oscula</span> <span class='ocrx_word' id='word_1_46' title='bbox 1170 631 1354 679; x_wconf 89' lang='lat' dir='ltr'>laudat.</span> 
     </span>
     <span class='ocr_line' id='line_1_8' title="bbox 61 710 1350 777; baseline -0.002 -16"><span class='ocrx_word' id='word_1_47' title='bbox 61 712 144 762; x_wconf 91' lang='lat' dir='ltr'>illa</span> <span class='ocrx_word' id='word_1_48' title='bbox 178 713 339 763; x_wconf 91' lang='lat' dir='ltr'>libens</span> <span class='ocrx_word' id='word_1_49' title='bbox 376 713 534 774; x_wconf 87' lang='lat' dir='ltr'>discit,</span> <span class='ocrx_word' id='word_1_50' title='bbox 574 730 674 777; x_wconf 91' lang='lat' dir='ltr'>quo</span> <span class='ocrx_word' id='word_1_51' title='bbox 709 712 890 762; x_wconf 91' lang='lat' dir='ltr'>vertice</span> <span class='ocrx_word' id='word_1_52' title='bbox 928 711 1116 772; x_wconf 92' lang='lat' dir='ltr'>Pelion,</span> <span class='ocrx_word' id='word_1_53' title='bbox 1155 720 1205 760; x_wconf 90' lang='lat' dir='ltr'>et</span> <span class='ocrx_word' id='word_1_54' title='bbox 1239 710 1350 774; x_wconf 91' lang='lat' dir='ltr'>quis</span> 
     </span>
     <span class='ocr_line' id='line_1_9' title="bbox 61 793 1340 859; baseline -0.002 -15"><span class='ocrx_word' id='word_1_55' title='bbox 61 793 321 855; x_wconf 82' lang='lat' dir='ltr'>AeacideS,</span> <span class='ocrx_word' id='word_1_56' title='bbox 359 795 601 859; x_wconf 87' lang='lat' dir='ltr'>puerique</span> <span class='ocrx_word' id='word_1_57' title='bbox 633 793 860 843; x_wconf 88' lang='lat' dir='ltr'>auditum</span> <span class='ocrx_word' id='word_1_58' title='bbox 896 810 1082 843; x_wconf 89' lang='lat' dir='ltr'>nomen</span> <span class='ocrx_word' id='word_1_59' title='bbox 1116 801 1166 842; x_wconf 91' lang='lat' dir='ltr'>et</span> <span class='ocrx_word' id='word_1_60' title='bbox 1201 802 1340 841; x_wconf 90' lang='lat' dir='ltr'>actus</span> 
     </span>
     <span class='ocr_line' id='line_1_10' title="bbox 62 874 1806 941; baseline -0.002 -16"><span class='ocrx_word' id='word_1_61' title='bbox 62 875 261 926; x_wconf 89' lang='lat' dir='ltr'>assidue</span> <span class='ocrx_word' id='word_1_62' title='bbox 297 885 463 940; x_wconf 91' lang='lat' dir='ltr'>stupet</span> <span class='ocrx_word' id='word_1_63' title='bbox 498 885 547 925; x_wconf 91' lang='lat' dir='ltr'>et</span> <span class='ocrx_word' id='word_1_64' title='bbox 581 884 893 939; x_wconf 90' lang='lat' dir='ltr'>praesentem</span> <span class='ocrx_word' id='word_1_65' title='bbox 929 883 1096 924; x_wconf 92' lang='lat' dir='ltr'>cantat</span> <span class='ocrx_word' id='word_1_66' title='bbox 1130 874 1393 924; x_wconf 89' lang='lat' dir='ltr'>Achillem.</span> <span class='ocrx_word' id='word_1_67' title='bbox 1786 914 1806 941; x_wconf 40' lang='lat' dir='ltr'><em>f</em></span> 
     </span>
     <span class='ocr_line' id='line_1_11' title="bbox 63 944 1816 1022; baseline -0.003 -17"><span class='ocrx_word' id='word_1_68' title='bbox 63 956 171 1022; x_wconf 90' lang='lat' dir='ltr'>ipsa</span> <span class='ocrx_word' id='word_1_69' title='bbox 205 973 407 1021; x_wconf 90' lang='lat' dir='ltr'>quoque</span> <span class='ocrx_word' id='word_1_70' title='bbox 444 965 493 1006; x_wconf 90' lang='lat' dir='ltr'>et</span> <span class='ocrx_word' id='word_1_71' title='bbox 527 956 718 1006; x_wconf 90' lang='lat' dir='ltr'>validos</span> <span class='ocrx_word' id='word_1_72' title='bbox 753 958 969 1020; x_wconf 88' lang='lat' dir='ltr'>proferre</span> <span class='ocrx_word' id='word_1_73' title='bbox 1004 955 1279 1006; x_wconf 89' lang='lat' dir='ltr'>modestius</span> <span class='ocrx_word' id='word_1_74' title='bbox 1313 964 1447 1004; x_wconf 92' lang='lat' dir='ltr'>artus</span> <span class='ocrx_word' id='word_1_75' title='bbox 1655 959 1736 1012; x_wconf 83' lang='lat'>580</span> <span class='ocrx_word' id='word_1_76' title='bbox 1784 944 1809 991; x_wconf 52' lang='grc' dir='ltr'>*ἠ</span> 
     </span>
     <span class='ocr_line' id='line_1_12' title="bbox 64 1036 1113 1105; baseline -0.002 -18"><span class='ocrx_word' id='word_1_77' title='bbox 64 1047 113 1087; x_wconf 91' lang='lat' dir='ltr'>et</span> <span class='ocrx_word' id='word_1_78' title='bbox 149 1047 352 1105; x_wconf 90' lang='lat' dir='ltr'>tenuare</span> <span class='ocrx_word' id='word_1_79' title='bbox 387 1037 523 1086; x_wconf 90' lang='lat' dir='ltr'>rudis</span> <span class='ocrx_word' id='word_1_80' title='bbox 557 1037 724 1087; x_wconf 89' lang='lat' dir='ltr'>attrito</span> <span class='ocrx_word' id='word_1_81' title='bbox 759 1036 939 1101; x_wconf 90' lang='lat' dir='ltr'>pollice</span> <span class='ocrx_word' id='word_1_82' title='bbox 974 1038 1113 1086; x_wconf 88' lang='lat' dir='ltr'>lanas</span> 
     </span>
    </p>

    <p class='ocr_par' dir='ltr' id='par_1_3' title="bbox 64 1117 1302 1183">
     <span class='ocr_line' id='line_1_13' title="bbox 64 1117 1302 1183; baseline -0.002 -15"><span class='ocrx_word' id='word_1_83' title='bbox 64 1119 372 1169; x_wconf 89' lang='lat' dir='ltr'>demonstrat</span> <span class='ocrx_word' id='word_1_84' title='bbox 405 1117 661 1183; x_wconf 88' lang='lat' dir='ltr'>reficitque</span> <span class='ocrx_word' id='word_1_85' title='bbox 696 1121 832 1168; x_wconf 92' lang='lat' dir='ltr'>colos</span> <span class='ocrx_word' id='word_1_86' title='bbox 868 1127 917 1168; x_wconf 92' lang='lat' dir='ltr'>et</span> <span class='ocrx_word' id='word_1_87' title='bbox 951 1117 1142 1183; x_wconf 91' lang='lat' dir='ltr'>perdita</span> <span class='ocrx_word' id='word_1_88' title='bbox 1178 1119 1302 1167; x_wconf 91' lang='lat' dir='ltr'>dura</span> 
     </span>
    </p>

    <p class='ocr_par' dir='ltr' id='par_1_4' title="bbox 65 1197 1819 1592">
     <span class='ocr_line' id='line_1_14' title="bbox 65 1197 1543 1265; baseline -0.003 -15"><span class='ocrx_word' id='word_1_89' title='bbox 65 1217 220 1265; x_wconf 90' lang='lat' dir='ltr'>pensa</span> <span class='ocrx_word' id='word_1_90' title='bbox 256 1217 441 1262; x_wconf 79' lang='lat' dir='ltr'>manu3</span> <span class='ocrx_word' id='word_1_91' title='bbox 487 1200 724 1264; x_wconf 91' lang='lat' dir='ltr'>vocisque</span> <span class='ocrx_word' id='word_1_92' title='bbox 760 1217 940 1250; x_wconf 89' lang='lat' dir='ltr'>sonum</span> <span class='ocrx_word' id='word_1_93' title='bbox 976 1201 1276 1264; x_wconf 90' lang='lat' dir='ltr'>pondusque</span> <span class='ocrx_word' id='word_1_94' title='bbox 1311 1197 1543 1258; x_wconf 89' lang='lat' dir='ltr'>tenentis,</span> 
     </span>
     <span class='ocr_line' id='line_1_15' title="bbox 66 1280 1807 1346; baseline -0.002 -15"><span class='ocrx_word' id='word_1_95' title='bbox 66 1281 305 1346; x_wconf 87' lang='lat' dir='ltr'>quodque</span> <span class='ocrx_word' id='word_1_96' title='bbox 339 1281 463 1345; x_wconf 88' lang='lat' dir='ltr'>fugit</span> <span class='ocrx_word' id='word_1_97' title='bbox 497 1281 720 1342; x_wconf 83' lang='lat' dir='ltr'>comiteS,</span> <span class='ocrx_word' id='word_1_98' title='bbox 757 1281 913 1331; x_wconf 90' lang='lat' dir='ltr'>nimio</span> <span class='ocrx_word' id='word_1_99' title='bbox 949 1282 1087 1345; x_wconf 92' lang='lat' dir='ltr'>quod</span> <span class='ocrx_word' id='word_1_100' title='bbox 1120 1280 1309 1330; x_wconf 91' lang='lat' dir='ltr'>lumine</span> <span class='ocrx_word' id='word_1_101' title='bbox 1345 1297 1452 1330; x_wconf 92' lang='lat' dir='ltr'>sese</span> <span class='ocrx_word' id='word_1_102' title='bbox 1805 1334 1807 1336; x_wconf 47' lang='grc'>,</span> 
     </span>
     <span class='ocr_line' id='line_1_16' title="bbox 66 1363 1814 1428; baseline -0.002 -16"><span class='ocrx_word' id='word_1_103' title='bbox 66 1365 184 1428; x_wconf 89' lang='lat' dir='ltr'>figat</span> <span class='ocrx_word' id='word_1_104' title='bbox 219 1373 267 1413; x_wconf 91' lang='lat' dir='ltr'>et</span> <span class='ocrx_word' id='word_1_105' title='bbox 302 1363 354 1412; x_wconf 92' lang='lat' dir='ltr'>in</span> <span class='ocrx_word' id='word_1_106' title='bbox 389 1363 550 1413; x_wconf 88' lang='lat' dir='ltr'>verbis</span> <span class='ocrx_word' id='word_1_107' title='bbox 585 1363 962 1428; x_wconf 88' lang='lat' dir='ltr'>intempestivus</span> <span class='ocrx_word' id='word_1_108' title='bbox 996 1364 1211 1423; x_wconf 84' lang='lat' dir='ltr'>anhelet,</span> <span class='ocrx_word' id='word_1_109' title='bbox 1656 1368 1737 1422; x_wconf 84' lang='lat'>585</span> <span class='ocrx_word' id='word_1_110' title='bbox 1807 1407 1814 1422; x_wconf 27' lang='grc'>,-</span> 
     </span>
     <span class='ocr_line' id='line_1_17' title="bbox 68 1444 1372 1510; baseline -0.002 -16"><span class='ocrx_word' id='word_1_111' title='bbox 68 1445 299 1495; x_wconf 87' lang='lat' dir='ltr'>miratur:</span> <span class='ocrx_word' id='word_1_112' title='bbox 349 1445 447 1494; x_wconf 89' lang='lat' dir='ltr'>iarn</span> <span class='ocrx_word' id='word_1_113' title='bbox 482 1445 682 1509; x_wconf 85' lang='lat' dir='ltr'>iamque</span> <span class='ocrx_word' id='word_1_114' title='bbox 717 1447 860 1495; x_wconf 93' lang='lat' dir='ltr'>dolos</span> <span class='ocrx_word' id='word_1_115' title='bbox 895 1444 1083 1510; x_wconf 87' lang='lat' dir='ltr'>aperire</span> <span class='ocrx_word' id='word_1_116' title='bbox 1117 1453 1372 1509; x_wconf 89' lang='lat' dir='ltr'>parantem</span> 
     </span>
     <span class='ocr_line' id='line_1_18' title="bbox 68 1525 1229 1592; baseline -0.002 -15"><span class='ocrx_word' id='word_1_117' title='bbox 68 1527 286 1592; x_wconf 88' lang='lat' dir='ltr'>virginea</span> <span class='ocrx_word' id='word_1_118' title='bbox 320 1527 518 1577; x_wconf 91' lang='lat' dir='ltr'>levitate</span> <span class='ocrx_word' id='word_1_119' title='bbox 553 1526 676 1591; x_wconf 88' lang='lat' dir='ltr'>fugit</span> <span class='ocrx_word' id='word_1_120' title='bbox 710 1526 1041 1591; x_wconf 87' lang='lat' dir='ltr'>prohibetque</span> <span class='ocrx_word' id='word_1_121' title='bbox 1077 1525 1229 1576; x_wconf 88' lang='lat' dir='ltr'>fateri.</span> 
     </span>
    </p>

    <p class='ocr_par' dir='ltr' id='par_1_5' title="bbox 69 1606 1366 1741">
     <span class='ocr_line' id='line_1_19' title="bbox 69 1606 1366 1672; baseline -0.002 -14"><span class='ocrx_word' id='word_1_122' title='bbox 69 1608 140 1659; x_wconf 90' lang='lat' dir='ltr'>sic</span> <span class='ocrx_word' id='word_1_123' title='bbox 175 1610 268 1659; x_wconf 92' lang='lat' dir='ltr'>sub</span> <span class='ocrx_word' id='word_1_124' title='bbox 306 1618 463 1658; x_wconf 87' lang='lat' dir='ltr'>matre</span> <span class='ocrx_word' id='word_1_125' title='bbox 497 1609 643 1658; x_wconf 90' lang='lat' dir='ltr'>Rhea</span> <span class='ocrx_word' id='word_1_126' title='bbox 675 1608 869 1658; x_wconf 86' lang='lat' dir='ltr'>iuvenis</span> <span class='ocrx_word' id='word_1_127' title='bbox 901 1617 1128 1672; x_wconf 86' lang='lat' dir='ltr'>regnator</span> <span class='ocrx_word' id='word_1_128' title='bbox 1163 1606 1366 1671; x_wconf 90' lang='lat' dir='ltr'>Olympi</span> 
     </span>
     <span class='ocr_line' id='line_1_20' title="bbox 70 1689 1119 1741; baseline -0.003 0"><span class='ocrx_word' id='word_1_129' title='bbox 70 1693 241 1741; x_wconf 91' lang='lat' dir='ltr'>oscula</span> <span class='ocrx_word' id='word_1_130' title='bbox 275 1708 476 1740; x_wconf 90' lang='lat' dir='ltr'>securae</span> <span class='ocrx_word' id='word_1_131' title='bbox 512 1690 664 1740; x_wconf 93' lang='lat' dir='ltr'>dabat</span> <span class='ocrx_word' id='word_1_132' title='bbox 698 1690 937 1740; x_wconf 88' lang='lat' dir='ltr'>insidiosa</span> <span class='ocrx_word' id='word_1_133' title='bbox 965 1689 1119 1739; x_wconf 91' lang='lat' dir='ltr'>sorori</span> 
     </span>
    </p>
   </div>
   <div class='ocr_carea' id='block_1_3' title="bbox 69 1769 1817 1833">
    <p class='ocr_par' dir='ltr' id='par_1_6' title="bbox 69 1769 1826 1833">
     <span class='ocr_line' id='line_1_21' title="bbox 69 1769 1817 1833; baseline -0.003 -11"><span class='ocrx_word' id='word_1_134' title='bbox 69 1774 216 1822; x_wconf 91' lang='lat' dir='ltr'>frater</span> <span class='ocrx_word' id='word_1_135' title='bbox 250 1774 430 1833; x_wconf 91' lang='lat' dir='ltr'>adhuc,</span> <span class='ocrx_word' id='word_1_136' title='bbox 469 1771 622 1821; x_wconf 89' lang='lat' dir='ltr'>medii</span> <span class='ocrx_word' id='word_1_137' title='bbox 656 1773 820 1821; x_wconf 91' lang='lat' dir='ltr'>donec</span> <span class='ocrx_word' id='word_1_138' title='bbox 854 1770 1126 1821; x_wconf 91' lang='lat' dir='ltr'>reverentia</span> <span class='ocrx_word' id='word_1_139' title='bbox 1160 1769 1306 1819; x_wconf 88' lang='lat' dir='ltr'>cessit</span> <span class='ocrx_word' id='word_1_140' title='bbox 1659 1787 1745 1830; x_wconf 90' lang='lat'>590</span> <span class='ocrx_word' id='word_1_141' title='bbox 1811 1773 1817 1779; x_wconf 68' lang='grc'>“’</span> 
     </span>
    </p>
   </div>
   <div class='ocr_carea' id='block_1_4' title="bbox 71 1851 1820 2326">
    <p class='ocr_par' dir='ltr' id='par_1_7' title="bbox 71 1851 1345 2003">
     <span class='ocr_line' id='line_1_22' title="bbox 71 1851 1345 1918; baseline -0.004 -14"><span class='ocrx_word' id='word_1_142' title='bbox 71 1853 323 1918; x_wconf 87' lang='lat' dir='ltr'>sanguinis</span> <span class='ocrx_word' id='word_1_143' title='bbox 360 1863 409 1903; x_wconf 92' lang='lat' dir='ltr'>et</span> <span class='ocrx_word' id='word_1_144' title='bbox 442 1870 609 1903; x_wconf 87' lang='lat' dir='ltr'>versos</span> <span class='ocrx_word' id='word_1_145' title='bbox 643 1869 879 1917; x_wconf 82' lang='lat' dir='ltr'>germana</span> <span class='ocrx_word' id='word_1_146' title='bbox 912 1851 1107 1916; x_wconf 86' lang='lat' dir='ltr'>expavit</span> <span class='ocrx_word' id='word_1_147' title='bbox 1140 1868 1345 1901; x_wconf 90' lang='lat' dir='ltr'>amores.</span> 
     </span>
     <span class='ocr_line' id='line_1_23' title="bbox 74 1930 1255 2003; baseline -0.003 -18"><span class='ocrx_word' id='word_1_148' title='bbox 74 1934 300 2003; x_wconf 92' lang='lat' dir='ltr'>[tandem</span> <span class='ocrx_word' id='word_1_149' title='bbox 336 1935 521 1985; x_wconf 90' lang='lat' dir='ltr'>detecti</span> <span class='ocrx_word' id='word_1_150' title='bbox 557 1935 762 1984; x_wconf 88' lang='lat' dir='ltr'>timidae</span> <span class='ocrx_word' id='word_1_151' title='bbox 798 1933 1045 1984; x_wconf 89' lang='lat' dir='ltr'>Nereidos</span> <span class='ocrx_word' id='word_1_152' title='bbox 1080 1930 1255 1999; x_wconf 68' lang='lat' dir='ltr'>astus]</span> 
     </span>
    </p>

    <p class='ocr_par' dir='ltr' id='par_1_8' title="bbox 73 2012 1820 2326">
     <span class='ocr_line' id='line_1_24' title="bbox 141 2012 1343 2081; baseline -0.003 -15"><span class='ocrx_word' id='word_1_153' title='bbox 141 2019 308 2067; x_wconf 91' lang='lat' dir='ltr'>Lucus</span> <span class='ocrx_word' id='word_1_154' title='bbox 344 2016 593 2081; x_wconf 88' lang='lat' dir='ltr'>Agenorei</span> <span class='ocrx_word' id='word_1_155' title='bbox 628 2015 852 2066; x_wconf 89' lang='lat' dir='ltr'>sublimis</span> <span class='ocrx_word' id='word_1_156' title='bbox 885 2017 950 2065; x_wconf 92' lang='lat' dir='ltr'>ad</span> <span class='ocrx_word' id='word_1_157' title='bbox 987 2014 1121 2079; x_wconf 91' lang='lat' dir='ltr'>orgia</span> <span class='ocrx_word' id='word_1_158' title='bbox 1157 2012 1343 2063; x_wconf 90' lang='lat' dir='ltr'>Bacchi</span> 
     </span>
     <span class='ocr_line' id='line_1_25' title="bbox 73 2094 1820 2163; baseline -0.003 -15"><span class='ocrx_word' id='word_1_159' title='bbox 73 2099 235 2148; x_wconf 87' lang='lat' dir='ltr'>stabat</span> <span class='ocrx_word' id='word_1_160' title='bbox 270 2108 318 2148; x_wconf 89' lang='lat' dir='ltr'>et</span> <span class='ocrx_word' id='word_1_161' title='bbox 351 2098 626 2148; x_wconf 88' lang='lat' dir='ltr'>admissum</span> <span class='ocrx_word' id='word_1_162' title='bbox 661 2101 800 2148; x_wconf 90' lang='lat' dir='ltr'>caelo</span> <span class='ocrx_word' id='word_1_163' title='bbox 835 2114 1040 2147; x_wconf 85' lang='lat' dir='ltr'>nemus:</span> <span class='ocrx_word' id='word_1_164' title='bbox 1087 2095 1234 2145; x_wconf 90' lang='lat' dir='ltr'>huius</span> <span class='ocrx_word' id='word_1_165' title='bbox 1268 2094 1321 2144; x_wconf 91' lang='lat' dir='ltr'>in</span> <span class='ocrx_word' id='word_1_166' title='bbox 1356 2095 1532 2145; x_wconf 91' lang='lat' dir='ltr'>umbra</span> <span class='ocrx_word' id='word_1_167' title='bbox 1817 2141 1820 2163; x_wconf 22' lang='grc' dir='ltr'>ζ</span> 
     </span>
     <span class='ocr_line' id='line_1_26' title="bbox 75 2178 1742 2244; baseline -0.002 -14"><span class='ocrx_word' id='word_1_168' title='bbox 75 2183 315 2231; x_wconf 88' lang='lat' dir='ltr'>alternam</span> <span class='ocrx_word' id='word_1_169' title='bbox 351 2198 588 2230; x_wconf 90' lang='lat' dir='ltr'>renovare</span> <span class='ocrx_word' id='word_1_170' title='bbox 621 2179 734 2244; x_wconf 89' lang='lat' dir='ltr'>piae</span> <span class='ocrx_word' id='word_1_171' title='bbox 769 2178 1018 2228; x_wconf 88' lang='lat' dir='ltr'>trieterida</span> <span class='ocrx_word' id='word_1_172' title='bbox 1053 2187 1234 2227; x_wconf 91' lang='lat' dir='ltr'>matres</span> <span class='ocrx_word' id='word_1_173' title='bbox 1664 2196 1742 2240; x_wconf 82' lang='lat'>595</span> 
     </span>
     <span class='ocr_line' id='line_1_27' title="bbox 76 2259 1420 2326; baseline -0.004 -14"><span class='ocrx_word' id='word_1_174' title='bbox 76 2271 374 2312; x_wconf 90' lang='lat' dir='ltr'>consuerant</span> <span class='ocrx_word' id='word_1_175' title='bbox 409 2261 719 2326; x_wconf 89' lang='lat' dir='ltr'>scissumque</span> <span class='ocrx_word' id='word_1_176' title='bbox 754 2278 906 2325; x_wconf 91' lang='lat' dir='ltr'>pecus</span> <span class='ocrx_word' id='word_1_177' title='bbox 943 2270 1170 2324; x_wconf 86' lang='lat' dir='ltr'>terraque</span> <span class='ocrx_word' id='word_1_178' title='bbox 1204 2259 1420 2308; x_wconf 90' lang='lat' dir='ltr'>revulsas</span> 
     </span>
    </p>
   </div>
   <div class='ocr_carea' id='block_1_5' title="bbox 132 2381 1879 2442">
    <p class='ocr_par' dir='ltr' id='par_1_9' title="bbox 132 2369 1879 2442">
     <span class='ocr_line' id='line_1_28' title="bbox 132 2381 1879 2442; baseline -0.004 -11"><span class='ocrx_word' id='word_1_179' title='bbox 132 2403 211 2442; x_wconf 88' lang='lat'>574</span> <span class='ocrx_word' id='word_1_180' title='bbox 240 2392 432 2431; x_wconf 83' lang='lat' dir='ltr'>sonantis</span> <span class='ocrx_word' id='word_1_181' title='bbox 459 2392 502 2431; x_wconf 89' lang='lat' dir='ltr'><em>P</em></span> <span class='ocrx_word' id='word_1_182' title='bbox 663 2392 745 2441; x_wconf 90' lang='lat'>576</span> <span class='ocrx_word' id='word_1_183' title='bbox 771 2390 972 2441; x_wconf 86' lang='lat' dir='ltr'>amplexu</span> <span class='ocrx_word' id='word_1_184' title='bbox 1003 2395 1048 2430; x_wconf 91' lang='lat' dir='ltr'>et</span> <span class='ocrx_word' id='word_1_185' title='bbox 1080 2390 1238 2428; x_wconf 89' lang='lat' dir='ltr'>milena</span> <span class='ocrx_word' id='word_1_186' title='bbox 1265 2389 1306 2427; x_wconf 91' lang='lat' dir='ltr'><em>E</em></span> <span class='ocrx_word' id='word_1_187' title='bbox 1334 2387 1467 2437; x_wconf 86' lang='lat' dir='ltr'>(mille</span> <span class='ocrx_word' id='word_1_188' title='bbox 1495 2397 1629 2438; x_wconf 86' lang='lat' dir='ltr'>marg.</span> <span class='ocrx_word' id='word_1_189' title='bbox 1663 2383 1744 2438; x_wconf 66' lang='lat' dir='ltr'>E2)</span> <span class='ocrx_word' id='word_1_190' title='bbox 1784 2381 1803 2397; x_wconf 72' lang='grc'>”</span> <span class='ocrx_word' id='word_1_191' title='bbox 1875 2409 1879 2414; x_wconf 86' lang='lat'><strong>·</strong></span> 
     </span>
    </p>
   </div>
   <div class='ocr_carea' id='block_1_6' title="bbox 78 2441 1750 2504">
    <p class='ocr_par' dir='ltr' id='par_1_10' title="bbox 78 2441 1811 2504">
     <span class='ocr_line' id='line_1_29' title="bbox 78 2441 1750 2504; baseline -0.003 -19"><span class='ocrx_word' id='word_1_192' title='bbox 78 2447 158 2497; x_wconf 84' lang='lat'>582</span> <span class='ocrx_word' id='word_1_193' title='bbox 180 2447 295 2486; x_wconf 88' lang='lat' dir='ltr'>colos</span> <span class='ocrx_word' id='word_1_194' title='bbox 310 2446 402 2485; x_wconf 81' lang='lat' dir='ltr'>nk:</span> <span class='ocrx_word' id='word_1_195' title='bbox 430 2446 548 2486; x_wconf 90' lang='lat' dir='ltr'>colus</span> <span class='ocrx_word' id='word_1_196' title='bbox 565 2460 590 2497; x_wconf 90' lang='lat' dir='ltr'><em>q</em></span> <span class='ocrx_word' id='word_1_197' title='bbox 646 2447 814 2496; x_wconf 89' lang='lat' dir='ltr'>perdita</span> <span class='ocrx_word' id='word_1_198' title='bbox 827 2447 934 2485; x_wconf 89' lang='lat' dir='ltr'>dura</span> <span class='ocrx_word' id='word_1_199' title='bbox 948 2445 1044 2484; x_wconf 75' lang='lat' dir='ltr'>Em:</span> <span class='ocrx_word' id='word_1_200' title='bbox 1062 2444 1225 2495; x_wconf 87' lang='lat' dir='ltr'>perfida</span> <span class='ocrx_word' id='word_1_201' title='bbox 1239 2442 1425 2492; x_wconf 86' lang='lat' dir='ltr'>duratP,</span> <span class='ocrx_word' id='word_1_202' title='bbox 1443 2441 1492 2504; x_wconf 89' lang='grc' dir='ltr'>ιφ</span> <span class='ocrx_word' id='word_1_203' title='bbox 1513 2441 1594 2481; x_wconf 82' lang='lat'>260</span> <span class='ocrx_word' id='word_1_204' title='bbox 1666 2441 1750 2490; x_wconf 85' lang='lat'>583</span> 
     </span>
    </p>
   </div>
   <div class='ocr_carea' id='block_1_7' title="bbox 77 2491 1817 2559">
    <p class='ocr_par' dir='ltr' id='par_1_11' title="bbox 77 2490 1817 2559">
     <span class='ocr_line' id='line_1_30' title="bbox 77 2491 1817 2559; baseline -0.004 -19"><span class='ocrx_word' id='word_1_205' title='bbox 77 2502 257 2551; x_wconf 86' lang='lat' dir='ltr'>vocique</span> <span class='ocrx_word' id='word_1_206' title='bbox 277 2514 411 2540; x_wconf 88' lang='lat' dir='ltr'>sonus</span> <span class='ocrx_word' id='word_1_207' title='bbox 430 2502 472 2540; x_wconf 94' lang='lat' dir='ltr'><em>E</em></span> <span class='ocrx_word' id='word_1_208' title='bbox 609 2503 688 2551; x_wconf 90' lang='lat'>585</span> <span class='ocrx_word' id='word_1_209' title='bbox 719 2500 1009 2550; x_wconf 86' lang='lat' dir='ltr'>intempestib.</span> <span class='ocrx_word' id='word_1_210' title='bbox 1029 2498 1071 2537; x_wconf 94' lang='lat' dir='ltr'><em>P</em></span> <span class='ocrx_word' id='word_1_211' title='bbox 1209 2499 1290 2547; x_wconf 88' lang='lat'>586</span> <span class='ocrx_word' id='word_1_212' title='bbox 1318 2496 1481 2559; x_wconf 81' lang='lat' dir='ltr'>paranti</span> <span class='ocrx_word' id='word_1_213' title='bbox 1499 2495 1542 2534; x_wconf 90' lang='lat' dir='ltr'><em>E</em></span> <span class='ocrx_word' id='word_1_214' title='bbox 1667 2495 1746 2544; x_wconf 88' lang='lat'>588</span> <span class='ocrx_word' id='word_1_215' title='bbox 1800 2491 1817 2527; x_wconf 69' lang='lat' dir='ltr'>j,</span> 
     </span>
    </p>
   </div>
   <div class='ocr_carea' id='block_1_8' title="bbox 79 2547 1814 2606">
    <p class='ocr_par' dir='ltr' id='par_1_12' title="bbox 79 2547 1814 2606">
     <span class='ocr_line' id='line_1_31' title="bbox 79 2547 1814 2606; baseline -0.004 -11"><span class='ocrx_word' id='word_1_216' title='bbox 79 2568 263 2606; x_wconf 86' lang='lat' dir='ltr'>regnare</span> <span class='ocrx_word' id='word_1_217' title='bbox 282 2555 341 2594; x_wconf 75' lang='lat' dir='ltr'>El</span> <span class='ocrx_word' id='word_1_218' title='bbox 506 2567 584 2605; x_wconf 87' lang='lat'>591</span> <span class='ocrx_word' id='word_1_219' title='bbox 614 2569 743 2595; x_wconf 88' lang='lat' dir='ltr'>veros</span> <span class='ocrx_word' id='word_1_220' title='bbox 762 2555 789 2593; x_wconf 83' lang='lat' dir='ltr'><em>k</em></span> <span class='ocrx_word' id='word_1_221' title='bbox 806 2555 917 2606; x_wconf 86' lang='lat' dir='ltr'>vulg.</span> <span class='ocrx_word' id='word_1_222' title='bbox 1061 2566 1204 2592; x_wconf 90' lang='lat' dir='ltr'>amore</span> <span class='ocrx_word' id='word_1_223' title='bbox 1225 2552 1267 2591; x_wconf 92' lang='lat' dir='ltr'><em>P</em></span> <span class='ocrx_word' id='word_1_224' title='bbox 1284 2564 1402 2592; x_wconf 76' lang='lat' dir='ltr'>(corr.</span> <span class='ocrx_word' id='word_1_225' title='bbox 1420 2564 1467 2590; x_wconf 86' lang='lat' dir='ltr'>m</span> <span class='ocrx_word' id='word_1_226' title='bbox 1487 2564 1553 2590; x_wconf 89' lang='lat' dir='ltr'>·es</span> <span class='ocrx_word' id='word_1_227' title='bbox 1573 2563 1631 2591; x_wconf 91' lang='lat' dir='ltr'>m.</span> <span class='ocrx_word' id='word_1_228' title='bbox 1653 2550 1744 2598; x_wconf 74' lang='lat' dir='ltr'><em>nc.)</em></span> <span class='ocrx_word' id='word_1_229' title='bbox 1809 2547 1814 2595; x_wconf 71' lang='grc' dir='ltr'>ζ</span> 
     </span>
    </p>
   </div>
   <div class='ocr_carea' id='block_1_9' title="bbox 79 2598 1821 2715">
    <p class='ocr_par' dir='ltr' id='par_1_13' title="bbox 79 2598 1821 2715">
     <span class='ocr_line' id='line_1_32' title="bbox 79 2598 1811 2661; baseline -0.005 -12"><span class='ocrx_word' id='word_1_230' title='bbox 79 2622 160 2661; x_wconf 83' lang='lat'>592</span> <span class='ocrx_word' id='word_1_231' title='bbox 188 2624 355 2650; x_wconf 86' lang='lat' dir='ltr'>versum</span> <span class='ocrx_word' id='word_1_232' title='bbox 381 2610 470 2649; x_wconf 77' lang='lat' dir='ltr'>iam</span> <span class='ocrx_word' id='word_1_233' title='bbox 494 2609 752 2661; x_wconf 70' lang='lat' dir='ltr'>Gustaffsoni</span> <span class='ocrx_word' id='word_1_234' title='bbox 766 2614 997 2660; x_wconf 87' lang='lat' dir='ltr'>suspectum</span> <span class='ocrx_word' id='word_1_235' title='bbox 1018 2609 1134 2647; x_wconf 80' lang='lat' dir='ltr'><em>uncis</em></span> <span class='ocrx_word' id='word_1_236' title='bbox 1149 2606 1325 2654; x_wconf 81' lang='lat' dir='ltr'>mclusi·</span> <span class='ocrx_word' id='word_1_237' title='bbox 1353 2610 1450 2657; x_wconf 86' lang='lat' dir='ltr'>post</span> <span class='ocrx_word' id='word_1_238' title='bbox 1467 2617 1548 2655; x_wconf 85' lang='lat'>592</span> <span class='ocrx_word' id='word_1_239' title='bbox 1567 2603 1754 2655; x_wconf 76' lang='lat' dir='ltr'>sequitur</span> <span class='ocrx_word' id='word_1_240' title='bbox 1795 2598 1811 2618; x_wconf 69' lang='lat'><em>³</em></span> 
     </span>
     <span class='ocr_line' id='line_1_33' title="bbox 79 2658 1821 2715; baseline -0.005 -11"><span class='ocrx_word' id='word_1_241' title='bbox 79 2667 123 2704; x_wconf 82' lang='lat' dir='ltr'>in</span> <span class='ocrx_word' id='word_1_242' title='bbox 145 2665 226 2704; x_wconf 89' lang='lat' dir='ltr'>cod.</span> <span class='ocrx_word' id='word_1_243' title='bbox 248 2664 671 2715; x_wconf 80' lang='lat' dir='ltr'>Monacensi14557:</span> <span class='ocrx_word' id='word_1_244' title='bbox 708 2665 971 2715; x_wconf 89' lang='lat' dir='ltr'>producente</span> <span class='ocrx_word' id='word_1_245' title='bbox 1004 2675 1139 2702; x_wconf 89' lang='lat' dir='ltr'>novos</span> <span class='ocrx_word' id='word_1_246' title='bbox 1168 2668 1315 2713; x_wconf 87' lang='lat' dir='ltr'>partus</span> <span class='ocrx_word' id='word_1_247' title='bbox 1345 2661 1399 2700; x_wconf 92' lang='lat' dir='ltr'>de</span> <span class='ocrx_word' id='word_1_248' title='bbox 1429 2673 1549 2699; x_wconf 87' lang='lat' dir='ltr'>more</span> <span class='ocrx_word' id='word_1_249' title='bbox 1572 2658 1754 2707; x_wconf 85' lang='lat' dir='ltr'>Lucina,</span> <span class='ocrx_word' id='word_1_250' title='bbox 1794 2668 1821 2705; x_wconf 60' lang='lat' dir='ltr'>s</span> 
     </span>
    </p>
   </div>
   <div class='ocr_carea' id='block_1_10' title="bbox 80 2714 1823 2880">
    <p class='ocr_par' dir='ltr' id='par_1_14' title="bbox 80 2714 1825 2878">
     <span class='ocr_line' id='line_1_34' title="bbox 80 2714 1747 2770; baseline -0.002 -14"><span class='ocrx_word' id='word_1_251' title='bbox 80 2720 127 2770; x_wconf 61' lang='lat' dir='ltr'>gf.</span> <span class='ocrx_word' id='word_1_252' title='bbox 149 2722 230 2770; x_wconf 92' lang='lat'>674</span> <span class='ocrx_word' id='word_1_253' title='bbox 390 2732 471 2770; x_wconf 91' lang='lat'>594</span> <span class='ocrx_word' id='word_1_254' title='bbox 499 2719 624 2758; x_wconf 89' lang='lat' dir='ltr'>huius</span> <span class='ocrx_word' id='word_1_255' title='bbox 644 2733 729 2758; x_wconf 88' lang='lat' dir='ltr'>om.</span> <span class='ocrx_word' id='word_1_256' title='bbox 753 2719 801 2769; x_wconf 91' lang='lat' dir='ltr'>E,</span> <span class='ocrx_word' id='word_1_257' title='bbox 823 2718 920 2758; x_wconf 88' lang='lat' dir='ltr'>add.</span> <span class='ocrx_word' id='word_1_258' title='bbox 946 2731 1073 2769; x_wconf 86' lang='lat' dir='ltr'>marg</span> <span class='ocrx_word' id='word_1_259' title='bbox 1071 2716 1146 2757; x_wconf 89' lang='lat' dir='ltr'><em>E</em></span> <span class='ocrx_word' id='word_1_260' title='bbox 1153 2715 1170 2741; x_wconf 79' lang='lat'>2</span> <span class='ocrx_word' id='word_1_261' title='bbox 1270 2716 1314 2754; x_wconf 92' lang='lat' dir='ltr'>in</span> <span class='ocrx_word' id='word_1_262' title='bbox 1345 2727 1441 2754; x_wconf 90' lang='lat' dir='ltr'>ume</span> <span class='ocrx_word' id='word_1_263' title='bbox 1467 2714 1510 2753; x_wconf 92' lang='lat' dir='ltr'><em>P</em></span> <span class='ocrx_word' id='word_1_264' title='bbox 1667 2723 1747 2765; x_wconf 85' lang='lat'>595</span> 
     </span>
     <span class='ocr_line' id='line_1_35' title="bbox 80 2766 1823 2824; baseline -0.004 -11"><span class='ocrx_word' id='word_1_265' title='bbox 80 2775 286 2813; x_wconf 89' lang='lat' dir='ltr'>alternam</span> <span class='ocrx_word' id='word_1_266' title='bbox 305 2774 372 2813; x_wconf 90' lang='lat' dir='ltr'>P:</span> <span class='ocrx_word' id='word_1_267' title='bbox 401 2774 567 2814; x_wconf 86' lang='lat' dir='ltr'>alterne</span> <span class='ocrx_word' id='word_1_268' title='bbox 587 2774 652 2813; x_wconf 93' lang='lat' dir='ltr'>E:</span> <span class='ocrx_word' id='word_1_269' title='bbox 680 2774 889 2813; x_wconf 89' lang='lat' dir='ltr'>alternum</span> <span class='ocrx_word' id='word_1_270' title='bbox 910 2773 960 2824; x_wconf 87' lang='lat' dir='ltr'>kq</span> <span class='ocrx_word' id='word_1_271' title='bbox 1088 2783 1288 2812; x_wconf 88' lang='lat' dir='ltr'>revocare</span> <span class='ocrx_word' id='word_1_272' title='bbox 1307 2770 1377 2821; x_wconf 89' lang='lat' dir='ltr'>Kq</span> <span class='ocrx_word' id='word_1_273' title='bbox 1531 2766 1748 2808; x_wconf 82' lang='lat' dir='ltr'>trieterida</span> <span class='ocrx_word' id='word_1_274' title='bbox 1804 2786 1823 2818; x_wconf 34' lang='grc' dir='ltr'>,ς</span> 
     </span>
     <span class='ocr_line' id='line_1_36' title="bbox 85 2821 1807 2880; baseline -0.001 -13"><span class='ocrx_word' id='word_1_275' title='bbox 85 2827 343 2868; x_wconf 80' lang='lat' dir='ltr'>Gronovius.</span> <span class='ocrx_word' id='word_1_276' title='bbox 373 2829 625 2880; x_wconf 84' lang='lat' dir='ltr'>triethyrida</span> <span class='ocrx_word' id='word_1_277' title='bbox 643 2828 713 2869; x_wconf 91' lang='grc' dir='ltr'>Ρ.</span> <span class='ocrx_word' id='word_1_278' title='bbox 742 2827 955 2869; x_wconf 87' lang='lat' dir='ltr'>trieterica</span> <span class='ocrx_word' id='word_1_279' title='bbox 974 2827 1066 2867; x_wconf 87' lang='lat' dir='ltr'>Ek:</span> <span class='ocrx_word' id='word_1_280' title='bbox 1094 2826 1286 2867; x_wconf 83' lang='lat' dir='ltr'>triateria</span> <span class='ocrx_word' id='word_1_281' title='bbox 1307 2837 1333 2877; x_wconf 88' lang='lat' dir='ltr'><em>q</em></span> <span class='ocrx_word' id='word_1_282' title='bbox 1533 2823 1615 2874; x_wconf 88' lang='lat'>596</span> <span class='ocrx_word' id='word_1_283' title='bbox 1642 2821 1751 2874; x_wconf 43' lang='lat' dir='ltr'>spise</span> <span class='ocrx_word' id='word_1_284' title='bbox 1804 2850 1807 2862; x_wconf 57' lang='grc' dir='ltr'><em>ι</em></span> 
     </span>
    </p>
   </div>
   <div class='ocr_carea' id='block_1_11' title="bbox 82 2883 320 2934">
    <p class='ocr_par' dir='ltr' id='par_1_15' title="bbox 82 2883 320 2934">
     <span class='ocr_line' id='line_1_37' title="bbox 82 2883 320 2934; baseline 0 -11"><span class='ocrx_word' id='word_1_285' title='bbox 82 2895 259 2934; x_wconf 88' lang='lat' dir='ltr'>sumque</span> <span class='ocrx_word' id='word_1_286' title='bbox 278 2883 320 2923; x_wconf 85' lang='lat' dir='ltr'><em>P</em></span> 
     </span>
    </p>
   </div>
   <div class='ocr_carea' id='block_1_12' title="bbox 1760 0 1884 3204">
    <p class='ocr_par' dir='ltr' id='par_1_16' title="bbox 1760 0 1884 3204">
     <span class='ocr_line' id='line_1_38' title="bbox 1760 0 1884 3204; baseline 0 0"><span class='ocrx_word' id='word_1_287' title='bbox 1760 0 1884 3204; x_wconf 95' lang='lat' dir='ltr'> </span> 
     </span>
    </p>
   </div>
  </div>
 </body>
</html>
