1884 3204
28 6 45 69 ἓ,

26 120 30 158 l

24 226 28 339 l

2 352 27 476 ,i

20 620 25 668 t

5 2308 8 2336 l

3 2371 7 2395 0

3 2506 6 2532 l

0 2545 8 2788 “ww-‘0-

940 61 1351 111 THEBAIDOS
1388 63 1602 111 LIBER
1637 64 1740 112 VII

94 220 277 268 aequor
308 201 626 251 anhelantum
661 198 807 248 radiis
843 198 1053 248 subsidit
1088 216 1361 263 equorum:

80 301 210 345 ‚ecce
244 293 402 333 truces
436 282 605 330 oculos
642 279 956 329 sordentibus
992 279 1153 328 obsita
1188 279 1323 328 canis

93 379 357 428 exsangues
394 363 587 411 Iocasta
619 376 769 424 genas
805 367 853 408 et
888 360 1117 408 bracchia
1152 362 1353 423 planctu
1663 376 1741 421 475

92 443 226 508 nigra
258 444 417 492 ferens
451 457 740 504 ramumque
776 442 913 489 oleae
949 456 1062 488 curn
1099 440 1288 489 velleris
1322 439 1413 488 atri

91 523 307 582 nexibus,
347 521 681 571 Eumenidum
716 521 849 570 velut
882 519 1236 583 antiquissima,
1275 520 1427 584 portis

90 602 332 669 egreditur
365 619 541 666 magna
575 618 688 650 cum
726 600 977 650 maiestate
1014 603 1268 649 malorum.
1338 597 1343 600 ”

89 683 205 748 hinc
237 692 385 746 atque
421 682 535 731 hinc
570 691 730 744 natae,
768 681 941 731 melior
975 681 1073 730 iam
1109 698 1270 742 sexus,
1304 680 1447 729 anilis

89 763 487 829 praecipitantem
521 772 652 812 artus
688 772 736 812 et
771 765 879 826 plus
916 779 1064 826 quam
1099 762 1254 826 possit
1289 771 1490 812 euntem
1658 772 1741 823 480

0 866 11 897 τ»,
88 852 375 895 sustentant.
445 842 578 893 venit
613 852 726 892 ante
762 842 931 904 hostiS,
970 852 1018 892 et
1053 852 1252 906 pectore
1288 844 1425 892 nudo

88 925 295 975 claustra
327 925 531 973 adversa
565 923 674 973 ferit
708 923 1026 987 tremulisque
1061 923 1327 972 ululatibus
1364 932 1469 973 orat

0 986 9 1041 ἷ-
83 1001 313 1053 admitti:
366 1005 631 1052 ‘Reserate
667 1001 826 1050 viam!
873 1010 1010 1065 rogat
1046 1001 1198 1065 impia
1234 1001 1350 1050 belli

89 1092 270 1144 mater3
317 1083 367 1131 in
403 1082 478 1131 his
513 1082 715 1146 aliquod
750 1081 824 1130 ius
860 1081 1157 1131 exsecrabile
1193 1081 1360 1130 castris

0 1196 2 1204 ι
86 1163 203 1213 huic
237 1173 376 1213 utero
410 1165 513 1213 est.'
582 1162 759 1227 trepidi
793 1162 947 1211 visam
983 1180 1219 1226 expavere
1255 1161 1458 1226 manipli
1659 1170 1739 1221 485

0 1262 3 1314 ζ
85 1244 405 1308 auditamque
440 1244 592 1308 magis
609 1263 623 1305 3
669 1253 853 1293 remeat
888 1243 985 1292 iam
1022 1243 1198 1292 missus
1234 1245 1450 1292 Adrasto

0 1356 5 1372 .
87 1324 316 1374 nuntius:
364 1324 613 1388 excipiunt
648 1323 766 1373 iussi
801 1324 1091 1387 mediosque
1127 1340 1214 1386 per
1249 1323 1379 1372 ensis

0 1423 5 1435 ¹·
88 1406 208 1455 dant
242 1405 343 1454 iter.
414 1404 496 1453 illa
531 1406 682 1453 duces
719 1414 772 1454 ut
808 1404 1021 1468 primum
1055 1403 1244 1467 aspexit
1282 1403 1515 1464 Achiv05‚

87 1488 351 1536 clamorem
386 1486 686 1555 horrendum
722 1487 858 1534 luctu
894 1486 1069 1533 furiata
1104 1484 1336 1533 resolvit:

85 1570 99 1594 ‘
125 1566 340 1631 Argolici
373 1583 612 1630 proceres,
650 1565 817 1630 ecquis
854 1565 1195 1616 monstraverit
1231 1567 1441 1626 hostem,
1661 1586 1744 1627 490

85 1665 234 1713 ‚quem
268 1647 470 1712 peperi?
515 1664 730 1710 quanam
765 1646 1028 1707 inveniam,
1068 1646 1189 1695 mihi
1225 1647 1387 1707 dicite,
1426 1656 1597 1696 natum

87 1729 178 1779 sub
213 1731 412 1793 galea?'
457 1729 591 1778 venit
624 1728 862 1778 attonitae
899 1728 1168 1779 Cadmeius
1206 1730 1350 1778 heros

87 1809 274 1869 obvius,
313 1819 361 1858 et
395 1819 584 1874 raptam
620 1809 831 1859 lacrimis
866 1810 1197 1873 gaudentibus
1234 1809 1407 1873 implet

31 1881 34 1885 ¹
88 1893 368 1954 solaturque
403 1899 592 1950 tenens,
630 1899 780 1953 atque
815 1890 941 1938 inter
976 1890 1167 1953 singula
1203 1899 1425 1950 matrem,

87 1979 292 2019 matrem
327 1970 481 2030 iterat,
519 1987 652 2019 nunc
688 1970 845 2034 ipsam
881 1988 1073 2034 urgens,
1112 1988 1246 2019 nunc
1282 1988 1393 2020 cara
1428 1988 1651 2021 sororum

86 2060 298 2116 pectora,
338 2068 451 2100 cum
488 2051 638 2099 mixta
673 2053 815 2100 fletus
850 2068 974 2100 anus
1009 2060 1202 2115 asperat
1237 2051 1339 2100 ira:
1656 2059 1740 2116 496

91 2136 103 2158 ⁶
122 2131 259 2194 Quid
295 2130 454 2180 mollis
489 2131 712 2179 lacrimas
747 2133 1125 2195 venerandaque
1160 2132 1363 2181 nomina
1398 2133 1554 2196 fingis,

89 2229 170 2262 rex
206 2211 395 2276 Argive,
434 2211 591 2260 mihi?
638 2211 758 2275 quid
794 2214 920 2261 colla
955 2212 1261 2276 amplexibus
1297 2213 1456 2262 ambis

87 2293 393 2357 invisamque
429 2293 542 2342 teris
578 2294 755 2342 ferrato
790 2302 989 2357 pectore
1026 2296 1272 2342 matrem?

87 2384 206 2424 tune
240 2373 320 2423 ille
356 2373 524 2423 exsilio
560 2390 709 2438 vagus
745 2383 794 2423 et
830 2373 1118 2423 miserabilis
1154 2376 1376 2437 hospes?
1662 2397 1743 2437 500

73 2471 235 2519 quem
271 2471 372 2503 non
407 2457 734 2518 permoveas?
779 2455 955 2518 longae
991 2463 1074 2503 tua
1108 2454 1240 2504 iussa
1275 2457 1503 2504 cohortes

137 2597 218 2635 473
245 2583 436 2623 subsedit
470 2583 514 2622 P
685 2596 763 2634 475
797 2596 1014 2633 exangues
1046 2582 1134 2622 ΡΝ
1146 2598 1156 2624 :
1202 2597 1505 2634 exanguesque
1540 2585 1746 2637 BDKQS

85 2639 167 2689 480
195 2638 326 2689 possit
353 2637 420 2677 P:
459 2643 605 2687 posset
633 2637 700 2677 ωδ
887 2639 963 2687 481
997 2637 1059 2689 et]
1090 2639 1167 2677 sed
1195 2638 1237 2676 P
1423 2641 1503 2688 482
1534 2647 1671 2683 castra
1699 2641 1743 2679 D

84 2695 166 2744 483
193 2697 380 2731 reserate
408 2691 476 2731 P:
504 2703 692 2731 reserare
711 2691 778 2732 ms
945 2694 1026 2741 484
1054 2692 1315 2742 impetrabile
1335 2693 1499 2744 Bentley
1660 2696 1743 2745 486

85 2747 166 2786 iam
200 2746 371 2798 missus]
404 2746 600 2785 inmissus
630 2746 670 2785 P
846 2747 927 2796 489
955 2748 1071 2786 vultu
1091 2747 1131 2785 A
1319 2761 1399 2798 490
1426 2753 1469 2786 et
1489 2747 1583 2798 quis
1603 2748 1671 2799 Q:
1702 2750 1741 2788 ei

87 2801 179 2851 quis
197 2799 268 2840 N:
296 2801 335 2841 ei
354 2800 474 2850 quies
494 2800 581 2839 ΒΚ
714 2806 1024 2840 monstraverat
1042 2801 1086 2840 in
1108 2801 1158 2841 -it
1178 2814 1275 2841 corr.
1301 2802 1340 2853 Q
1477 2814 1555 2853 501
1586 2802 1740 2855 longae

3 2883 5 2898 ε
87 2854 211 2894 ΡΒΝ
223 2868 233 2895 2
260 2854 385 2906 longe
405 2854 569 2906 DKQS
