1884 3204
59 93 63 96 ·
146 96 198 142 P.
238 95 481 144 PAPINI
518 92 726 156 ΔΞΤΑΤῙ

146 229 519 280 Thiodamanta
553 230 687 280 subit
720 230 1139 296 formidandoque
1174 229 1390 282 tumultu

143 313 362 375 pandere
397 314 496 360 fata
530 312 683 361 iubet.
755 312 858 362 sive
893 314 1024 363 hanc
1059 313 1287 363 Saturnia
1321 323 1561 375 mentem,

143 393 246 442 sive
281 410 467 442 novum
504 393 741 443 comitem
775 395 939 444 bonus
974 394 1238 459 instigabat
1272 397 1472 459 Apollo.

144 473 333 537 prosilit
368 474 420 522 in
456 474 663 536 medios,
701 475 809 525 visu
844 476 1119 539 audituque
1154 477 1442 526 tremendus
1826 531 1827 534 Ἴ

143 555 508 619 impatiensque
543 556 639 617 dei,
676 557 832 620 fragili
868 574 1018 621 quern
1054 566 1222 606 mente
1257 566 1513 620 receptum
1714 560 1830 622 '‘165v

143 653 247 686 non
282 636 443 700 capit:
491 639 744 687 exundant
779 638 978 706 stimuli,
1017 639 1283 701 nudusque
1318 654 1406 701 per
1440 654 1526 687 ora

145 727 240 766 stat
274 719 420 777 furor,
460 728 508 767 et
544 718 759 782 trepidas
795 718 984 768 incerto
1020 719 1260 783 sanguine
1294 718 1455 768 tendit

144 798 466 862 exhauritque
500 817 651 863 genas
688 799 841 864 (acies
877 802 976 849 huc
1012 810 1138 849 errat
1173 809 1222 849 et
1257 799 1396 865 illuc)

144 888 372 942 sertaque
408 880 560 928 mixta
594 880 752 929 comis
788 896 955 944 sparsa
990 880 1180 930 cervice
1214 882 1440 944 flagellat.

145 960 216 1009 sic
252 962 446 1024 Phryga
480 960 702 1010 terrificis
737 960 958 1024 genetrix
993 963 1148 1011 Idaea
1182 971 1443 1010 cruentum
1736 958 1831 1025 170¹

145 1040 277 1090 elicit
312 1058 372 1089 ex
405 1041 566 1104 adytis
601 1051 999 1105 consumptaque
1036 1041 1268 1091 bracchia
1301 1043 1429 1091 ferro

145 1121 269 1171 seire
303 1131 466 1183 vetat3
514 1122 672 1186 quatit
706 1122 790 1172 ille
824 1140 985 1172 sacras
1020 1122 1073 1171 in
1107 1132 1309 1187 pectora
1342 1122 1490 1187 pinus

145 1199 543 1263 sanguineosque
578 1209 706 1250 rotat
741 1200 888 1250 crinis
924 1210 974 1251 et
1009 1203 1212 1251 vulnera
1247 1218 1394 1250 cursu

144 1281 421 1331 exanimat:
469 1291 615 1345 pavet
650 1281 812 1332 omnis
847 1299 962 1346 ager
996 1299 1317 1346 respersaque
1351 1281 1526 1332 cultrix
1827 1335 1831 1343 Ξ

144 1364 302 1423 arbor,
342 1372 392 1412 et
425 1362 623 1412 attoniti
658 1381 855 1413 currum
892 1380 1087 1413 erexere
1123 1366 1307 1413 leones,
1737 1381 1835 1426 17⁵⁷

212 1447 434 1494 Ventum
469 1446 535 1494 ad
571 1444 771 1494 concilii
805 1447 1059 1509 penetrale
1094 1447 1406 1510 domumque
1442 1446 1711 1496 verendam

146 1524 412 1588 signorum,
451 1525 642 1589 magnis
677 1525 764 1575 ubi
800 1527 993 1575 dudum
1030 1526 1256 1576 cladibus
1290 1543 1447 1590 aeger,

145 1623 308 1656 rerum
344 1616 562 1656 extrema
596 1623 817 1667 movens,
855 1609 1032 1657 frustra
1066 1609 1314 1657 consultat
1349 1609 1606 1657 Adrastus.

146 1696 277 1735 stant
312 1687 498 1736 circum
534 1687 685 1736 subiti
719 1704 961 1751 proceres,
999 1698 1054 1738 ut
1089 1688 1300 1753 quisque
1334 1698 1594 1753 perempto

146 1768 410 1832 proximus,
451 1778 500 1817 et
535 1768 726 1832 magnis
762 1771 873 1818 loca
907 1771 1131 1819 desolata
1166 1778 1367 1819 tuentur
1741 1778 1819 1819 180.

146 1849 360 1912 regibus,
396 1851 531 1899 haud
566 1849 682 1899 laeti
718 1866 871 1913 seque
906 1852 1005 1899 huc
1041 1850 1254 1900 crevisse
1289 1852 1531 1901 dolentes.
1829 1842 1835 1850 ‘⁷

146 1946 249 1979 non
285 1948 428 1980 secus
463 1929 646 1979 amisso
682 1930 905 1980 medium
941 1948 1057 1979 cum
1092 1931 1318 1995 praeside
1352 1932 1534 1996 puppis

146 2012 287 2076 fregit
322 2012 429 2074 iter,
465 2012 600 2061 subit
634 2014 699 2062 ad
734 2011 871 2062 vidui
907 2012 1248 2063 moderamina
1283 2012 1409 2062 clavi

147 2104 231 2143 aut
266 2096 474 2143 laterum
511 2103 692 2154 custos,
730 2103 816 2143 aut
851 2111 1002 2158 quem
1037 2111 1191 2158 penes
1227 2094 1375 2144 obvia
1409 2103 1566 2159 ponto

147 2192 291 2240 prora
326 2175 446 2224 fuit:
490 2185 654 2239 stupet
689 2175 797 2239 ipsa
831 2175 946 2224 ratis
981 2177 1220 2240 tardeque
1256 2185 1530 2240 sequuntur
1738 2183 1839 2236 1855?

147 2274 297 2318 arma,
336 2274 430 2307 nec
465 2257 660 2307 accedit
696 2256 904 2307 domino
940 2259 1094 2307 tutela
1128 2257 1322 2307 minori.

149 2356 265 2404 ergo
300 2341 461 2389 alacer
496 2338 716 2403 trepidos
753 2338 823 2388 sic
859 2338 999 2403 erigit
1033 2356 1189 2403 augur
1222 2338 1473 2389 Achivos:

154 2424 370 2485 ‘Magna
403 2422 556 2470 deum
593 2421 840 2480 mandata,
879 2422 1047 2480 duces,
1087 2420 1406 2482 monitusque
1441 2420 1684 2470 verendos

210 2554 287 2600 164
317 2551 456 2590 medio
476 2550 621 2600 BQ¹D
644 2565 653 2589 ε
683 2550 870 2589 medium
890 2549 937 2588 K
1119 2551 1197 2589 166
1225 2550 1412 2590 exudant
1431 2548 1474 2588 P
1669 2550 1745 2599 167
1773 2549 1839 2595 in„

150 2607 361 2657 sanguine
379 2605 422 2644 B
531 2605 667 2644 tendit
687 2603 814 2643 PBD
844 2605 993 2656 (supra
1022 2604 1162 2644 reddit
1189 2604 1253 2655 D)
1275 2602 1415 2655 KQ²L
1438 2618 1449 2643 z
1477 2603 1617 2643 reddit
1635 2602 1813 2654 NSQ¹A
1839 2613 1843 2615 ’

155 2663 233 2700 168
264 2673 397 2711 genas
420 2674 428 2698 :
458 2660 590 2699 facies
610 2660 781 2710 Bentley
893 2671 966 2709 171
997 2659 1115 2709 eligit
1136 2658 1189 2710 ΩΙ
1340 2671 1424 2710 que
1443 2671 1526 2698 om.
1551 2656 1618 2709 ΩΙ,
1643 2657 1740 2704 add.
1763 2657 1822 2708 Q*
1846 2674 1849 2679 ⁴

151 2716 284 2767 ferro]
308 2716 453 2754 fervor
474 2713 589 2754 Voss.
608 2728 628 2753 e
647 2713 759 2753 codd.
778 2728 787 2754 :
818 2714 956 2753 buxus
976 2713 1207 2753 Gronovius
1304 2726 1381 2763 173
1409 2712 1542 2763 quatit
1559 2711 1642 2751 PA
1742 2723 1817 2763 174

152 2783 363 2820 respexaq
383 2770 422 2822 (s
442 2775 531 2821 sup.
554 2783 583 2807 x
602 2768 718 2820 add.)
742 2767 781 2818 Q
863 2768 1018 2807 cultrix
1033 2769 1074 2818 (s
1093 2775 1186 2821 sup.
1207 2781 1237 2806 x
1253 2767 1309 2819 Q)
1324 2767 1447 2818 PNQ
1464 2781 1474 2806 :
1503 2767 1650 2807 cultris
1663 2766 1794 2807 BDK
1805 2780 1819 2806 z
1836 2768 1848 2795 '-

153 2825 307 2864 cultrix
327 2825 436 2863 Lact.
452 2823 596 2876 legisse
612 2837 662 2862 ex
681 2828 765 2862 not.
787 2822 1089 2872 suspicandum
1204 2824 1281 2874 176
1309 2821 1572 2875 penetrabile
1590 2821 1633 2860 P
1741 2833 1840 2872 179>

154 2884 375 2929 perempta
395 2877 438 2917 P
602 2879 679 2928 183
709 2877 825 2917 dubii
845 2876 888 2916 P
1844 2886 1848 2889 ⁹
