1884 3204
115 35 173 82 P.
211 33 295 81 PA
303 33 454 81 ΡΙΝΙ
491 32 697 81 STATI

115 173 404 220 horruerant
438 169 682 231 lacrimae,
721 170 1009 235 stupuitque
1043 170 1274 221 immanis
1309 170 1464 222 eundi

115 252 348 315 impetus,
381 261 533 314 atque
567 268 671 301 uno
705 254 869 301 vultus
905 253 1091 316 pallore
1125 252 1302 316 gelati:

115 347 218 379 non
255 346 397 378 secus
433 328 634 378 adflavit
669 329 833 378 mollis
869 329 910 379 si
945 331 1150 394 quando
1185 329 1418 379 iuvencas

115 406 304 471 tigridis
340 409 606 470 Hyrcanae
640 406 863 456 ieiunum
899 425 1132 469 murmur,
1171 417 1220 457 et
1254 407 1360 472 ipse
1704 426 1784 468 170

115 488 289 538 auditu
326 489 550 537 turbatus
586 505 712 553 ager,
750 488 898 538 timor
932 488 1167 538 omnibus
1202 488 1391 552 ingens,
1444 527 1447 531 .

116 586 245 632 quae
279 571 486 633 placeat,
525 586 652 633 quos
686 569 771 618 illa
805 571 960 618 fames
996 571 1234 619 escendat
1267 569 1319 618 in
1353 584 1532 618 armos.

184 649 441 701 Continuo
476 650 665 700 discors
699 649 835 699 vario
870 649 1116 699 sententia
1149 659 1290 699 motu

116 731 387 781 scinditur:
434 731 510 783 his
546 731 749 780 Thebas
784 730 1134 794 tumidumque
1168 730 1357 780 ambire
1392 732 1624 790 Creonta,

113 811 190 861 his
225 813 388 875 placet
422 814 640 860 Actaeae
676 810 717 860 si
752 810 875 874 quid
909 811 1174 860 clementia
1207 811 1366 874 gentis
1706 828 1783 871 175
1838 831 1839 834 ¹

113 895 302 941 adnuat
319 909 334 953 3
378 900 653 941 extremum
689 908 916 940 curarum
950 908 1010 940 ac
1045 900 1188 955 turpe
1221 890 1409 941 reverti.

116 973 198 1022 hic
233 989 336 1021 non
371 972 616 1042 femineae
653 971 872 1021 subitum
908 971 1099 1021 virtutis
1133 988 1355 1022 amorem

116 1053 302 1117 colligit
337 1053 501 1117 Argia,
539 1070 762 1117 sexuque
796 1053 1016 1103 immane
1051 1053 1223 1103 relicto

113 1144 288 1184 tractat
324 1152 485 1199 opus:
532 1136 696 1198 placet
731 1133 935 1199 (egregii
971 1150 1083 1197 spes
1119 1136 1243 1184 dura
1276 1132 1468 1198 pericli)

115 1215 396 1265 comminus
432 1214 623 1264 infandi
658 1217 791 1279 leges
825 1216 1064 1264 accedere
1099 1214 1249 1279 regni,
1709 1225 1787 1264 180

114 1315 215 1362 quo
252 1299 530 1361 Rhodopes
566 1314 669 1346 non
703 1299 804 1346 ulla
838 1313 991 1346 nurus
1026 1313 1120 1346 nec
1153 1294 1356 1346 alumna
1389 1296 1550 1347 nivosi

115 1378 344 1428 Phasidis
379 1378 601 1442 innuptis
636 1380 815 1427 vallata
849 1377 1138 1427 cohortibus
1172 1377 1278 1427 iret.

114 1471 233 1510 tunc
269 1469 437 1509 movet
471 1469 574 1510 arte
611 1461 798 1519 dolum,
837 1475 940 1523 quo
976 1468 1134 1509 semet
1167 1460 1232 1508 ab
1267 1459 1466 1523 agmine
1501 1460 1604 1509 fido

114 1550 347 1605 segreget,
385 1540 691 1605 immitisque
726 1543 849 1590 deos
884 1557 1151 1606 regemque
1186 1549 1447 1590 cruentum

113 1622 444 1687 contemptrix
478 1622 674 1672 animae
710 1632 759 1672 et
795 1639 977 1686 magno
1012 1621 1270 1671 temeraria
1303 1623 1440 1671 luctu
1708 1632 1783 1685 185
1850 1643 1856 1685 j

113 1714 383 1768 provocet,
430 1705 687 1753 hortantur
721 1703 878 1767 pietas
913 1703 1152 1767 ignesque
1187 1702 1370 1767 pudici.

112 1786 219 1849 ipse
253 1784 403 1834 etiam
438 1794 555 1834 ante
589 1786 762 1834 oculos
799 1784 936 1833 omni
972 1783 1262 1833 manifestus
1297 1783 1350 1832 in
1383 1794 1498 1834 actu

113 1884 247 1916 nunc
282 1868 465 1930 hospes
501 1865 721 1927 miserae,
760 1865 943 1930 primas
978 1882 1114 1914 nunc
1149 1882 1362 1928 sponsus
1396 1867 1462 1914 ad
1496 1882 1617 1926 aras,

115 1966 249 1997 nunc
286 1948 419 1997 mitis
453 1947 689 2010 coniunx,
724 1964 859 1997 nunc
895 1947 994 1997 iam
1031 1947 1125 1996 sub
1160 1946 1354 1996 casside
1388 1956 1527 1996 torva

116 2038 333 2079 maestus
369 2029 421 2077 in
455 2031 687 2093 amplexu
723 2031 1038 2093 multumque
1072 2045 1103 2077 a
1137 2027 1308 2077 limine
1343 2045 1543 2078 summo
1706 2050 1786 2091 199

114 2110 414 2174 respiciens:
457 2112 546 2160 sed
581 2112 718 2159 nulla
751 2109 921 2159 animo
956 2119 1176 2159 versatur
1209 2109 1374 2174 imago

114 2192 330 2242 crebrior
364 2192 517 2242 Aonii
552 2209 701 2256 quam
740 2209 867 2256 quae
903 2193 968 2242 de
1002 2191 1241 2256 sanguine
1278 2191 1443 2255 campi

116 2276 252 2324 nuda
286 2273 421 2323 venit
457 2273 717 2338 poscitque
752 2289 911 2338 rogos.
983 2272 1060 2322 his
1096 2271 1240 2322 anxia
1275 2282 1494 2322 mentem

116 2354 354 2418 aegrescit
389 2354 525 2404 furiis
560 2364 609 2405 et
644 2354 752 2420 (qui
788 2354 1091 2404 castissimus
1126 2352 1294 2417 ardor)

173 2485 249 2534 167
281 2483 549 2523 Hori-nerant
572 2483 640 2535 (ex
658 2489 773 2522 -runt
792 2496 892 2523 corr.
915 2496 984 2522 rec.
1006 2482 1085 2534 m.)
1105 2482 1171 2522 P:
1191 2487 1390 2522 aruerant
1408 2482 1524 2523 Koch
1540 2498 1548 2524 :
1557 2484 1664 2536 sort.
1685 2485 1784 2524 hor-

114 2544 288 2578 ruerant
321 2538 466 2577 crines
590 2539 668 2578 168
687 2538 817 2588 gelati
836 2536 1071 2588 ΡΒΒΩΝ2
1093 2543 1315 2588 (suprascr.
1339 2538 1506 2584 †notati
1526 2538 1587 2591 D)
1610 2550 1628 2578 ε’
1648 2539 1783 2579 notati
1852 2535 1855 2565 j

113 2593 155 2632 Β
174 2594 217 2632 in
237 2606 374 2644 marg.
394 2591 551 2630 ΑΚΝι
681 2599 758 2643 172
788 2592 950 2642 repleat
972 2598 1193 2643 (suprascr.
1217 2592 1432 2643 †p1aceat)
1454 2592 1499 2631 D
1579 2594 1783 2632 escendat

113 2647 155 2685 P
174 2662 183 2686 z
232 2648 465 2687 descendat
501 2661 533 2685 ω
715 2660 789 2698 177
834 2648 1054 2686 horrorem
1093 2646 1139 2686 D
1316 2659 1393 2698 179
1435 2647 1494 2686 ita
1526 2647 1786 2698 interpunxit

112 2702 268 2752 Imhof
453 2703 527 2741 181
559 2714 689 2740 nurus
729 2707 954 2754 (suprascr.
995 2699 1193 2750 †manus)
1231 2699 1277 2739 D
1485 2702 1562 2740 182
1590 2701 1781 2752 innuptis

117 2758 339 2807 (suprascr.
359 2756 637 2806 †innumeris)
653 2755 698 2794 D
812 2757 888 2805 184
918 2757 1126 2806 degi-eget
1140 2755 1182 2794 P
1275 2756 1352 2794 188
1379 2768 1506 2805 puras
1526 2756 1779 2807 temptabam

114 2823 227 2849 nunc
246 2824 328 2849 om.
350 2809 392 2847 P
557 2823 633 2859 194
663 2811 782 2851 furiis
801 2810 888 2849 ΡΝ
890 2810 947 2861 ²9
967 2816 1189 2863 (suprascr.
1210 2810 1321 2850 curis
1341 2808 1397 2860 Q)
1416 2823 1425 2849 ε
1454 2810 1565 2850 curis
1584 2809 1760 2850 PDKN
1764 2810 1777 2834 ¹

117 2870 185 2916 (cx
202 2865 319 2905 furiis
338 2878 437 2906 corr.
459 2865 515 2906 al.
538 2878 597 2905 m.
617 2866 676 2917 B)
1343 2889 1346 2892 Δ
1428 2884 1430 2886 -
