1884 3204
598 502 813 555 LIBER
848 508 1194 558 SEPTIMVS

157 640 343 696 ATQVE
378 657 437 690 ea
472 642 751 692 cunctantis
788 643 924 707 Tyrii
959 645 1229 708 primordia
1263 643 1381 695 belli

158 716 382 781 Iuppiter
416 720 552 769 haud
587 736 751 784 aequo
786 711 998 785 respexit
1033 724 1185 772 corde
1221 725 1468 787 Pelasgos,

156 798 506 863 concussitque
541 810 704 864 caput,
746 811 886 852 motu
921 819 1024 866 quo
1059 806 1192 853 celsa
1225 805 1453 854 laborant

154 878 317 928 sidera
350 882 723 946 proclamatque
756 882 888 933 adici
922 883 1197 934 cervicibus
1232 887 1387 934 Atlas.

154 968 274 1008 tunc
310 959 378 1007 ita
412 962 636 1010 velocem
673 964 866 1027 Tegees
902 965 1098 1013 adfatur
1131 967 1419 1015 alumnum:

157 1044 168 1065 ‘
190 1042 229 1099 I,
269 1040 491 1090 medium
528 1041 702 1106 rapido
740 1046 934 1093 Borean
970 1044 1191 1095 inlabere
1226 1047 1353 1095 saltu

154 1120 416 1182 Bistonias,
454 1139 590 1185 puer,
629 1141 788 1188 usque
823 1126 1002 1175 domos
1036 1143 1280 1191 axemque
1316 1127 1475 1177 nivosi

153 1202 340 1263 sideris,
380 1204 586 1254 Oceano
621 1205 830 1255 vetitum
866 1223 966 1270 qua
1001 1208 1251 1257 Parrhasis
1286 1207 1455 1272 ignem

154 1283 372 1333 nubibus
409 1284 629 1334 hibernis
666 1295 715 1336 et
751 1297 921 1337 nostro
957 1288 1173 1353 pascitur
1206 1289 1367 1339 imbri.

152 1375 301 1429 atque
336 1365 407 1415 ibi
443 1384 530 1416 seu
565 1367 728 1432 posita
763 1369 967 1434 respirat
1002 1370 1210 1435 cuspide
1248 1373 1450 1422 Mavors
1773 1383 1830 1425 10'

153 1447 479 1511 (quamquam
515 1448 674 1498 invisa
710 1450 886 1517 quies),
926 1468 1028 1512 seu,
1067 1453 1205 1516 quod
1246 1469 1369 1513 reor,
1407 1469 1543 1502 arma
1579 1453 1793 1518 tubasqu
1823 1446 1830 1451 '⁴

150 1528 407 1578 insatiatus
444 1529 550 1579 obit
586 1548 828 1596 caraeque
863 1532 915 1581 in
952 1532 1191 1597 sanguine
1225 1534 1386 1597 gentis
1830 1534 1835 1542 ²

151 1610 389 1659 luxuriat:
436 1628 645 1676 propere
677 1613 895 1663 monitus
931 1614 1154 1679 iramque
1189 1616 1406 1679 parentis

152 1692 259 1751 ede,
298 1691 422 1740 nihil
457 1710 678 1756 parcens.
752 1712 935 1760 nempe
971 1695 1090 1745 olim
1125 1698 1402 1747 accendere
1436 1697 1597 1747 iussus
1830 1763 1832 1766 .

153 1772 384 1822 Inachias
421 1774 552 1823 acies
587 1784 738 1838 atque
774 1793 925 1827 omne
960 1779 1099 1841 quod
1137 1778 1376 1828 Isthmius
1413 1779 1568 1848 umbo
1773 1795 1838 1844 15:

150 1852 354 1902 distinet
389 1863 438 1903 et
473 1872 650 1904 raucae
686 1856 1017 1910 circumtonat
1050 1858 1122 1907 ira
1158 1860 1385 1909 Maleae:

150 1933 218 1982 illi
254 1934 334 1983 vix
369 1952 537 1985 muros
573 1936 827 2001 limenque
862 1955 1057 2002 egressa
1090 1939 1320 1990 iuventus

150 2032 288 2064 sacra
324 2018 529 2078 colunt3
575 2020 749 2068 credas
786 2019 920 2069 bello
955 2019 1173 2081 rediisse,
1212 2030 1286 2070 tot
1321 2021 1507 2072 instant

149 2098 418 2162 plausibus,
458 2100 733 2165 offensique
769 2103 945 2151 sedent
979 2104 1045 2152 ad
1079 2102 1208 2152 iusta
1243 2104 1468 2167 sepulcri.
1522 2143 1524 2145 v

149 2180 296 2230 hicne
332 2190 460 2242 tuus,
501 2182 730 2243 Gradive,
769 2184 942 2232 furor?
989 2194 1133 2234 sonat
1169 2185 1289 2235 orbe
1324 2202 1524 2236 recusso
1771 2191 1829 2251 ειοῖΙ

149 2261 314 2311 discus
352 2271 401 2312 et
438 2263 634 2313 Oebalii
670 2274 854 2314 coeunt
889 2265 939 2314 in
976 2265 1163 2329 proelia
1199 2269 1429 2317 caestus?

148 2352 199 2391 at
234 2343 275 2391 si
310 2343 403 2407 ipsi
440 2343 599 2393 rabies
636 2345 850 2409 ferrique
885 2346 1060 2396 insana
1095 2349 1324 2411 voluptas

149 2424 269 2488 (qua
304 2425 484 2491 tumet)
518 2425 787 2476 immeritas
824 2427 976 2477 cineri
1011 2428 1152 2477 dabit
1186 2428 1367 2493 impius
1403 2429 1550 2479 urbes

205 2567 336 2604 1-254
349 2555 445 2619 fire
473 2568 616 2594 omnes
646 2569 693 2594 m
725 2555 769 2594 D
794 2563 930 2609 paene
963 2557 1152 2596 exsti’nctz
1313 2571 1336 2608 7
1365 2570 1475 2608 puer
1499 2559 1567 2598 P:
1598 2571 1730 2610 super
1755 2557 1838 2608 ως

148 2621 194 2649 11
225 2623 283 2648 an
303 2610 462 2649 iniussa
475 2614 647 2661 propter
662 2624 700 2650 v.
726 2625 775 2661 14
961 2624 1011 2651 12
1038 2612 1129 2651 obit
1148 2611 1361 2652 Baehrens
1380 2627 1390 2653 :
1416 2613 1546 2653 habet
1562 2613 1669 2653 Pms
1687 2628 1698 2654 z
1724 2627 1801 2654 ave
1823 2626 1831 2651 ῖ

144 2664 378 2704 Schrader:
426 2677 484 2703 an
520 2665 635 2705 hiat't
678 2678 783 2706 nam
815 2665 919 2717 plus
945 2670 1104 2716 quam‘
1139 2668 1280 2706 avere’
1321 2681 1447 2707 arma
1479 2667 1644 2707 vadetur
1676 2681 1746 2719 qut
1773 2668 1819 2713 in

144 2732 354 2770 sanguzne
370 2732 458 2758 tam
476 2718 668 2759 luxuriat
775 2720 1006 2772 caraeque]
1028 2734 1086 2760 an
1104 2721 1406 2772 Thracaeque?
1560 2735 1608 2772 14
1637 2735 1819 2773 namque
1835 2722 1839 2727 ’

145 2772 183 2812 S
316 2775 523 2812 accedere
542 2774 585 2813 P
804 2777 855 2813 16
884 2776 1071 2815 destinet
1097 2775 1220 2826 PBQ
1247 2776 1307 2828 (in
1329 2776 1413 2815 dis·
1434 2789 1533 2817 corr.
1558 2777 1613 2816 al.
1638 2791 1696 2817 m.
1717 2776 1830 2828 BQ}

150 2840 198 2876 17
229 2828 459 2877 urbemque
478 2828 522 2867 A
667 2841 717 2881 19
745 2829 868 2869 busta
885 2829 972 2870 NA
1105 2843 1157 2882 23
1186 2843 1271 2882 qua
1289 2836 1376 2871 tum
1398 2831 1524 2871 etiam
1553 2832 1726 2871 meritas
1743 2828 1792 2871 N
1804 2835 1829 2874 εἰ

151 2882 190 2921 ia
212 2883 383 2922 meritas
404 2882 447 2921 P
1834 2898 1835 2901 ’
