1884 3204
952 105 1365 154 THEBAIDOS
1402 105 1618 153 LIBER
1653 105 1728 154 XI

6 255 13 297 ι’
74 260 210 293 arma
244 252 378 295 metu
412 245 678 308 galeaeque
713 246 899 302 tonant,
937 241 1169 305 visusque
1204 241 1426 306 paventis

74 325 179 388 ipse
214 325 353 389 sequi
388 333 437 374 et
470 323 685 388 profugis
721 339 973 387 opponere
1010 322 1232 386 Iuppiter
1266 322 1404 386 ignis.
1681 336 1730 379 25

73 403 222 454 instat
257 407 544 469 Agenoreus
580 403 721 452 miles
757 402 980 466 caelique
1014 405 1228 451 tumultu

72 485 252 533 utitur:
298 483 567 534 indomitos
602 493 656 532 ut
691 500 806 532 cum
844 485 1061 546 Massyla
1095 500 1181 547 per
1214 499 1329 532 arva

73 564 280 614 armenti
315 581 451 628 reges
487 580 668 628 magno
703 565 782 613 leo
817 563 956 627 fregit
992 563 1127 612 hiatu

73 653 122 694 et
157 654 419 694 contentus
454 644 557 693 abit
575 661 588 705 ς
634 643 767 693 rauci
803 653 921 693 tunc
957 643 1237 693 comminus
1273 642 1386 704 ursi,

51 733 191 779 ,tunc
225 723 356 774 avidi
390 742 567 774 venere
602 724 718 788 lupi,
758 724 992 788 rabieque
1027 724 1230 773 remissa
1681 743 1732 783 30

71 806 297 854 lambunt
331 807 598 868 degeneres
633 805 822 854 alienae
857 807 1060 854 vulnera
1094 807 1319 869 praedae.

72 884 187 934 hinc
223 886 399 950 premit
435 887 767 949 Eurymedon,
807 885 887 935 cui
922 885 1129 935 rusticus
1165 887 1336 935 horror
1370 884 1421 933 in
1456 884 1615 945 armis,

72 966 251 1016 rustica
286 969 383 1016 tela
418 983 585 1028 manu,
623 966 936 1031 patriumque
971 966 1153 1030 agitare
1189 968 1428 1016 tumultus

73 1047 200 1112 (Pan
236 1047 304 1096 illi
339 1048 582 1113 genitor):
618 1058 757 1098 tener
791 1048 907 1098 hinc
943 1048 1202 1098 conatibus
1238 1064 1396 1097 annos

71 1128 316 1192 egreditur
350 1129 680 1192 iuvenemque
715 1139 903 1193 patrem
940 1146 1061 1193 puer
1095 1137 1275 1192 aequat
1311 1130 1572 1177 Alatreus:
1678 1147 1728 1187 35

70 1208 237 1258 felices
271 1210 436 1269 ambo,
475 1212 564 1259 sed
599 1209 891 1259 fortunatior
926 1210 1007 1259 ille

71 1289 483 1354 quem.genuisse
518 1289 650 1339 iuvat
668 1308 682 1350 3
728 1306 820 1339 nec
855 1290 953 1338 iam
989 1289 1246 1339 dinoscere
1281 1297 1580 1352 promptum,

21 1391 23 1394 ·
71 1386 198 1434 quae
234 1370 387 1434 magis
422 1387 557 1419 arma
593 1380 784 1431 sonent,
824 1386 925 1434 quo
961 1373 1070 1434 plus
1107 1379 1186 1419 eat
1222 1371 1362 1418 hasta
1396 1372 1592 1418 lacerto.

70 1460 252 1501 artatur
285 1453 443 1501 denso
477 1451 751 1514 fugientum
787 1451 1012 1500 examine
1047 1453 1243 1500 vallum.

139 1535 276 1596 Quas
312 1532 480 1592 volvis,
521 1532 748 1593 Gradive,
789 1532 958 1581 vices?
1004 1533 1157 1581 modo
1193 1531 1392 1581 moenia
1428 1530 1609 1582 Cadmi
1678 1552 1732 1593 40

71 1614 391 1674 scandebant,
430 1629 519 1663 sua
553 1629 688 1662 nunc
724 1615 1001 1662 defendunt
1038 1622 1168 1662 tecta
1203 1612 1428 1676 Pelasgi:

71 1712 162 1745 ceu
197 1697 406 1745 redeunt
441 1695 613 1754 nubes,
652 1694 1200 1747 ceucircumflantibus
1236 1692 1429 1743 Austris

69 1778 284 1825 alternus
319 1776 600 1839 procumbit
633 1792 760 1839 ager,
799 1792 890 1825 ceu
925 1775 1113 1839 gurgite
1148 1791 1275 1824 cano

26 1873 31 1877 ·
70 1874 204 1906 nunc
239 1857 410 1919 retegit
445 1856 653 1916 bibulas,
691 1873 824 1906 nunc
860 1856 1021 1905 induit
1055 1866 1220 1905 aestus
1256 1857 1477 1905 harenas.

71 1938 281 2002 exspirat
315 1940 411 1987 late
447 1935 605 2002 pubes
640 1937 910 2001 Tirynthia,
950 1937 1138 1986 alumni
1678 1957 1729 1999 45

72 2019 268 2069 exuvias
303 2017 492 2067 imitata
528 2018 621 2068 dei
630 2037 644 2079 3
690 2028 799 2067 trux
834 2028 1018 2068 maeret
1053 2018 1117 2067 ab
1153 2017 1292 2067 astris

72 2099 540 2164 Amphitryoniades
577 2101 829 2149 Nemeaea
863 2099 914 2148 in
950 2099 1187 2163 sanguine
1223 2108 1356 2162 terga

0 2246 1 2251 ¹
72 2192 122 2232 et
157 2181 327 2231 similis
362 2196 523 2229 ramos
559 2179 829 2244 similisque
864 2180 1030 2230 videre
1073 2182 1337 2244 pharetras.

0 2255 1 2303 Ψ
73 2264 232 2312 stabat
267 2262 319 2310 in
353 2261 612 2324 Argolicae
647 2263 823 2310 ferrato
858 2261 1074 2311 culmine
1116 2260 1258 2310 turris

72 2342 291 2407 egregius
326 2341 448 2391 lituo
483 2341 639 2391 dextri
677 2342 914 2392 Mavortis
952 2346 1151 2406 Enyeus
1677 2363 1731 2403 50

126 2484 178 2521 24
206 2476 361 2510 tonant
377 2477 580 2521 suprascr.
604 2475 790 2511 tremunt
809 2477 1012 2523 suprascr.
1035 2484 1130 2521 pre·
1151 2470 1222 2510 D:
1251 2476 1438 2510 tremunt
1461 2470 1499 2521 Q
1615 2482 1667 2520 25
1688 2476 1734 2510 et

73 2539 157 2565 om.
180 2525 265 2564 PD
375 2525 648 2575 profugisque
669 2525 708 2575 Q
816 2527 870 2564 28
898 2526 1160 2576 armentique
1181 2538 1333 2575 greges
1354 2525 1396 2563 A
1507 2537 1561 2574 3ο
1589 2525 1731 2575 pavidi

30 2580 32 2582 ’
73 2580 119 2619 D
319 2592 372 2630 33
401 2581 586 2628 agitabat
605 2578 648 2617 P
665 2593 733 2620 rec.
758 2593 816 2620 m.
1035 2581 1238 2619 tumultus
1259 2578 1392 2618 PN²:
1421 2578 1644 2618 tumultum
1664 2579 1738 2618 wS

71 2645 126 2684 34
155 2633 225 2672 hic
247 2633 286 2683 Q
533 2634 587 2684 38
616 2647 740 2684 quem
770 2663 781 2674 .
815 2634 1049 2674 ..fovent
1068 2634 1110 2671 A
1344 2645 1399 2683 39
1428 2647 1481 2672 ex
1502 2633 1671 2688 agmine
1692 2633 1731 2683 Q

72 2699 126 2739 43
155 2693 357 2727 aeternus
394 2684 437 2723 P
648 2694 699 2727 cu
741 2690 960 2741 (suprascr.
1002 2688 1134 2738 nunc)
1175 2687 1213 2737 Q
1422 2686 1558 2726 induit
1595 2686 1730 2727 PN²:

72 2743 210 2782 obruit
242 2741 433 2780 BDKN'
439 2741 502 2781 S:
543 2742 752 2781 obstruxit
776 2743 814 2791 Q
1025 2754 1077 2792 45
1107 2743 1296 2792 exspirat
1331 2740 1499 2779 PDBA
1536 2741 1729 2792 (-curnbit

72 2802 279 2847 suprascr.
314 2795 446 2847 DB):
475 2797 710 2845 procumbit
744 2795 908 2846 KNQS
1116 2798 1168 2845 46
1195 2797 1250 2834 ab
1282 2795 1370 2834 alto
1401 2795 1484 2845 BQ
1676 2809 1727 2845 47

76 2849 289 2890 Nemeaea
329 2849 586 2889 Gronomus:
633 2862 782 2889 nemea
820 2850 889 2891 Ρ.
933 2863 1136 2890 nemeaee
1176 2851 1303 2902 (-e‚ae
1340 2854 1426 2900 -ee)
1463 2849 1532 2888 ωδ
1675 2862 1731 2899 49

76 2903 252 2944 culmine
269 2903 399 2944 PDN
402 2905 446 2944 ²:
475 2904 666 2955 margine
684 2904 876 2955 BKN1Q
1003 2917 1058 2956 50
1087 2917 1250 2956 enyeus
1271 2902 1406 2945 PLl.·
1397 2932 1407 2943 .
1436 2905 1615 2955 enipeus
1634 2904 1704 2943 ωδ
