1884 3204
974 107 1384 157 THEBAIDOS
1423 107 1636 157 LIBER
1673 108 1778 157 XII

47 265 50 273 ·
129 261 212 293 ara
246 246 394 294 deum
412 261 426 304 ;
472 242 602 291 mitis
638 241 802 305 posuit
838 241 1116 291 Clementia
1151 244 1336 301 sedem,

129 334 178 373 et
212 323 374 373 miseri
410 324 568 371 fecere
603 338 790 370 sacram
807 339 821 382 3
868 321 973 369 sine
1009 321 1230 384 supplice
1265 338 1538 386 numquam

127 403 209 452 illa
245 419 388 462 novo,
427 403 562 450 nulla
596 403 847 451 damnavit
881 409 995 448 vota
1032 403 1238 463 repulsa.

126 482 281 532 auditi
315 481 616 545 quicumque
650 490 837 544 rogant,
874 490 1146 543 noctesque
1181 481 1386 544 diesque
1695 493 1775 543 485

44 579 47 582 ⁴
121 564 194 613 'ire
228 565 399 612 datum
436 571 484 610 et
519 561 635 610 solis
671 574 857 610 numen
894 562 1087 623 placare
1123 561 1348 623 querelis.

123 661 270 708 parca
303 642 611 706 superstitio:
669 658 771 690 non
810 650 947 689 turea
982 642 1194 700 flamma,
1232 658 1325 690 nec
1360 643 1486 690 altus

121 723 357 787 accipitur
391 722 615 785 sanguis:
661 720 872 770 lacrimis
907 720 1075 769 altaria
1110 723 1304 780 sudant,

121 813 515 866 maestarumque
550 819 696 865 super
730 801 966 850 libamina
1000 810 1133 850 secta
1167 818 1421 850 comarum

119 886 340 948 pendent
374 892 423 932 et
457 891 617 931 vestes
653 891 841 930 mutata
876 890 1005 930 sorte
1040 881 1250 930 relictae.
1597 910 1607 919 ·
1693 903 1774 944 490

119 963 237 1013 mite
271 980 446 1013 nemus
483 963 623 1022 circa,
661 965 896 1025 cultuque
930 961 1120 1025 insigne
1155 962 1372 1011 verendo

119 1044 317 1093 vittatae
352 1046 515 1092 laurus
551 1052 600 1092 et
635 1029 870 1106 supplicis
905 1043 1050 1090 arbor
1085 1042 1256 1090 olivae.

117 1126 252 1173 nulla
283 1133 451 1172 autem
487 1122 687 1186 effigies,
721 1123 843 1170 nulli
880 1121 1144 1170 commissa
1179 1124 1380 1171 metallo

116 1204 273 1250 forma
307 1200 401 1259 dei,
440 1209 631 1249 mentes
666 1199 887 1248 habitare
922 1208 971 1247 et
1006 1208 1206 1262 pectora
1239 1200 1434 1262 gaudet.

116 1297 309 1343 semper
342 1281 492 1329 habet
527 1279 759 1342 trepidos,
798 1295 991 1341 semper
1025 1281 1163 1326 locus
1201 1280 1365 1327 horret
1400 1277 1565 1341 egenis
1691 1300 1770 1339 495

114 1360 351 1420 coetibus,
389 1359 586 1422 ignotae
621 1368 811 1407 tantum
847 1357 1071 1407 felicibus
1106 1375 1230 1406 arae.

114 1443 244 1489 fama
278 1449 352 1489 est
386 1441 616 1488 defensos
650 1438 756 1487 acie
791 1446 904 1501 post
936 1438 1083 1486 busta
1116 1437 1306 1500 paterni

59 1528 62 1530 ’
114 1520 329 1570 numinis
367 1522 643 1568 Herculeos
679 1520 849 1568 sedem
885 1519 1117 1566 fundasse
1152 1527 1373 1580 nepotes.

112 1603 243 1650 fama
277 1599 437 1648 minor
471 1598 640 1647 factis:
687 1598 820 1661 ipsos
855 1614 971 1645 nam
1007 1599 1206 1646 credere
1241 1596 1446 1660 dignum

113 1681 384 1740 caelicolas,
421 1681 565 1728 tellus
600 1666 780 1741 quibus
816 1677 1011 1741 hospita
1047 1694 1240 1740 semper
1274 1679 1515 1736 Athenae,
1688 1698 1767 1737 500

111 1778 202 1810 ceu
236 1763 367 1824 leges
402 1761 756 1822 hominemque
790 1775 975 1807 novum
1011 1757 1230 1824 ritusque
1265 1774 1515 1806 sacrorum

110 1841 396 1903 seminaque
430 1839 482 1887 in
515 1856 695 1887 vacuas
730 1838 847 1886 hinc
883 1837 1237 1886 descendentia
1270 1846 1434 1897 terras,

109 1921 179 1970 sic
213 1937 428 1969 sacrasse
461 1921 573 1968 loco
608 1935 874 1967 commune
908 1917 1241 1966 animantibus
1275 1917 1429 1980 aegris

109 2000 408 2063 confugium,
446 2000 580 2047 unde
615 2000 786 2061 procul
822 2006 1004 2047 starent
1038 1998 1237 2060 iraeque
1272 1997 1535 2061 minaeque

107 2097 368 2144 regnaque,
408 2088 456 2128 et
491 2096 520 2127 a
554 2078 692 2127 iustis
730 2081 948 2127 Fortuna
981 2080 1232 2127 recederet
1266 2077 1376 2127 aris.
1685 2099 1758 2139 505

107 2162 205 2210 iam
240 2170 359 2209 tunc
393 2160 680 2208 innumerae
715 2168 892 2207 norant
927 2158 1094 2207 altaria
1128 2167 1328 2221 gentes:

107 2244 205 2290 huc
239 2240 355 2290 victi
389 2239 530 2288 bellis
565 2239 819 2302 patriaque
853 2256 883 2287 a
918 2240 1036 2287 sede
1071 2238 1234 2301 fugati,

15 2350 22 2353 -
105 2337 465 2385 regnorumque
499 2319 673 2382 inopes
709 2321 1047 2381 scelerumque
1082 2335 1242 2367 errore
1276 2327 1512 2367 nocentes

105 2401 407 2451 conveniunt
442 2417 716 2463 pacemque
751 2408 923 2462 rogant
939 2418 952 2459 3
998 2415 1115 2447 mox
1149 2398 1345 2462 hospita
1379 2401 1521 2448 sedes

26 2514 30 2518 -
104 2482 220 2532 vicit
255 2491 303 2531 et
339 2480 633 2543 Oedipodae
668 2479 816 2528 furias
851 2485 944 2531 †et
978 2481 1124 2528 funus
1161 2479 1410 2542 Olynthi†
1680 2502 1758 2542 5ιο

111 2636 113 2638 ·
157 2610 237 2660 483
266 2608 432 2647 miseris
464 2607 506 2646 P
644 2608 727 2656 486
755 2613 797 2646 et
830 2620 912 2647 om.
947 2606 989 2644 P
1122 2606 1202 2656 489
1230 2613 1349 2646 secta
1378 2606 1420 2645 P
1450 2606 1614 2646 Barth:
1643 2615 1757 2647 secta

106 2665 327 2715 (suprascr.
347 2663 511 2713 †serta)
532 2661 574 2700 Β
593 2675 603 2699 z
632 2667 746 2700 serta
765 2660 974 2711 DKNQS
1109 2674 1190 2710 492
1218 2661 1366 2700 vittata
1387 2660 1449 2710 Q:
1478 2661 1634 2700 Vittata
1653 2668 1695 2700 et
1714 2662 1762 2700 N

102 2730 182 2767 494
211 2718 251 2755 di
271 2715 354 2754 KS
476 2726 557 2765 495
586 2716 712 2754 habet
732 2729 816 2754 om.
839 2715 935 2754 add.
957 2720 1048 2765 sup.
1069 2714 1141 2753 lin.
1163 2715 1211 2752 N
1315 2725 1395 2763 505
1423 2715 1508 2753 aris
1529 2716 1752 2766 (suprascr.

101 2771 203 2823 inis)
222 2770 286 2809 N2
437 2779 515 2817 507
544 2783 569 2808 a
597 2769 662 2807 P:
697 2782 721 2807 e
754 2784 784 2807 ω
939 2779 1021 2817 510
1050 2774 1092 2807 et
1121 2768 1241 2807 funus
1273 2768 1455 2818 Olynthi
1484 2774 1754 2819 corruptum:

100 2825 305 2874 funusque
334 2823 487 2862 Coloni
505 2823 678 2872 Imhof:
716 2827 760 2861 et
788 2823 916 2861 funus
947 2822 1100 2862 Onitae
1126 2821 1268 2873 Unger
1285 2823 1294 2845 ⁴
1311 2823 1422 2872 quod
1442 2827 1606 2872 patrem
1634 2836 1754 2862 suum

99 2877 250 2918 occidit
264 2878 275 2894 '
294 2878 415 2917 schol.
436 2876 481 2915 D

1567 2943 1645 2982 22*
