1884 3204
135 70 188 117 P.
228 70 471 121 ΡΑΡΙΝΙ
508 69 714 122 STATI

134 209 327 259 Aoniae
363 209 550 273 populi,
588 226 681 259 nec
717 226 827 258 sum
864 210 966 271 tibi,
1006 227 1164 270 saeve,
1201 209 1412 260 relictus,

133 291 255 355 quid
290 291 406 341 velit
441 291 535 340 ista
570 292 762 352 cohorS,
801 301 850 342 et
884 302 933 342 te
968 292 1148 342 sentire
1183 292 1427 342 decebat:
1785 342 1811 358 „

133 373 340 421 reddere
375 388 525 435 regna
559 374 756 421 vetant!
826 372 896 421 sic
931 375 1074 434 fatus,
1112 382 1161 422 et
1196 371 1365 421 omnia
1398 372 1489 422 rite
1715 392 1814 436 390.-

134 452 367 517 disponit,
407 452 493 515 qui
529 453 659 502 bella
692 463 876 517 gerant,
915 454 1001 518 qui
1036 452 1235 503 moenia
1269 462 1478 512 servent,

133 551 256 597 quas
291 533 340 582 in
378 535 538 583 fronte
575 551 764 594 manus,
803 534 971 584 medio
1006 551 1128 598 quas
1164 534 1342 583 robore
1377 532 1527 583 sistat.

134 614 417 679 perspicuas
453 614 523 663 sic
558 617 669 664 luce
704 615 820 664 foris
855 625 905 665 et
939 615 1102 679 virgea
1134 624 1302 679 pastor

134 698 345 746 claustra
379 698 522 756 levat,
561 697 683 745 dum
718 706 846 745 terra
880 700 1086 757 reeens5
1133 696 1271 745 iubet
1307 694 1481 745 ordine
1515 695 1676 760 primo

134 776 203 825 ire
239 777 406 837 duces,
445 776 612 825 media
647 776 889 840 stipantur
923 777 1070 840 plebe
1107 776 1344 837 maritae3
1718 795 1800 841 395

133 857 240 920 ipse
274 858 404 906 levat
439 856 663 919 gravidas
700 866 748 906 et
783 858 993 905 humum
1030 866 1243 906 tractura
1277 866 1536 920 parentum

134 938 300 996 ubera,
340 936 704 1000 suceiduasque
739 938 969 1000 adportat
1004 936 1243 986 matribus
1278 953 1444 1001 agnas.

203 1020 400 1066 Interea
437 1016 600 1065 Danai
635 1026 937 1080 noctemque
972 1017 1207 1081 diemque
1243 1018 1336 1067 sub
1370 1017 1533 1078 armis,

133 1107 335 1147 noctem
370 1096 547 1146 iterum
584 1114 850 1162 rursusque
886 1098 1019 1148 diem
1054 1097 1149 1164 (sic
1184 1098 1254 1147 ira
1288 1099 1497 1165 ferebat)

132 1178 472 1243 ingeminant:
519 1187 808 1242 contempta
843 1178 996 1242 quies,
1035 1179 1115 1228 vix
1148 1188 1234 1229 aut
1269 1196 1417 1243 sopor
1450 1179 1545 1229 illis
1720 1201 1803 1241 400

132 1269 218 1308 aut
253 1261 429 1323 epulae
465 1261 626 1308 fecere
661 1277 887 1321 moram;
932 1269 1223 1324 properatur
1258 1260 1310 1309 in
1345 1262 1543 1310 hostem

133 1357 270 1390 more
306 1342 463 1404 fugae.
537 1358 630 1390 nec
666 1349 888 1390 monstra
923 1350 1107 1402 tenent,
1147 1358 1276 1405 quae
1311 1341 1522 1406 plurima
1556 1341 1710 1392 nectit

131 1421 403 1486 prodigiale
438 1439 622 1471 canens
659 1421 779 1471 certi
813 1424 913 1471 fors
948 1422 1145 1486 praevia
1180 1422 1278 1471 fati.

132 1503 318 1567 quippe
353 1505 516 1552 ferunt
551 1503 684 1553 diros
723 1502 940 1552 monitus
976 1505 1301 1567 volucresque
1335 1505 1566 1568 feraeque

133 1583 392 1648 sideraque
427 1584 684 1648 aversique
720 1584 820 1634 suis
857 1584 1148 1634 decursibus
1184 1602 1370 1646 amnes,
1718 1607 1798 1651 405

131 1666 467 1729 infestumque
503 1674 643 1714 tonat
677 1674 816 1730 pater
852 1675 901 1715 et
937 1667 1067 1715 mala
1102 1667 1294 1729 fulgura
1329 1668 1497 1716 lucent
1516 1685 1531 1728 3

131 1746 472 1809 terrificaeque
507 1746 668 1809 adytis
704 1763 852 1796 voces
889 1748 1186 1811 clausaeque
1222 1749 1429 1797 deorum

132 1836 310 1890 sponte
345 1828 474 1876 fores
491 1845 506 1888 5
551 1844 686 1876 nunc
722 1827 1034 1891 sanguineus,
1074 1845 1208 1877 nunc
1244 1845 1418 1877 saxeus
1453 1828 1624 1891 imber,

132 1918 180 1956 et
217 1907 367 1957 subiti
405 1910 585 1956 Manes
623 1909 934 1971 flentumque
970 1925 1205 1958 occursus
1240 1925 1461 1958 avorum.

132 1999 251 2037 tunc
287 1997 336 2037 et
371 1987 668 2052 Apollineae
704 1997 902 2038 tacuere
938 1990 1137 2038 oracula
1174 1988 1390 2050 Cirrhae,
1721 2012 1804 2054 410
1830 1988 1839 2058 J

132 2084 180 2119 et
215 2087 320 2119 non
356 2070 565 2119 assuetis
601 2087 791 2134 pernox
826 2068 1032 2120 ululavit
1068 2070 1273 2120 Eleusin
1834 2072 1836 2074 ’

132 2151 399 2212 mensibus,
440 2161 488 2200 et
524 2151 721 2216 templis
758 2153 931 2215 Sparte
965 2168 1200 2216 praesaga
1234 2152 1435 2202 reclusis

132 2233 255 2283 vidit
290 2235 588 2296 Amyclaeos
626 2231 838 2298 (facinus
860 2233 892 2297 1)
928 2249 1221 2283 concurrere
1255 2235 1439 2284 fratres.

132 2316 353 2369 Arcades
388 2314 586 2363 insanas
622 2316 796 2364 latrare
833 2314 1077 2378 Lycaonis
1113 2315 1314 2364 umbras
1572 2381 1575 2386 Ι

131 2405 279 2446 nocte
316 2397 479 2446 ferunt
514 2394 675 2455 tacita,
714 2412 863 2445 saevo
900 2397 1158 2446 decurrere
1194 2413 1373 2460 campo
1523 2449 1526 2452 ,
1719 2418 1800 2460 415
1829 2388 1847 2463 f'

185 2539 267 2575 392
296 2537 475 2576 corpore
494 2525 629 2565 Barth
749 2537 942 2575 392-403
960 2525 1070 2575 finis
1090 2525 1416 2575 uniuscuiusque
1433 2539 1578 2566 versus
1600 2528 1808 2567 recentiori
1846 2567 1848 2570 ,

131 2585 366 2620 atramento
387 2585 608 2620 renovatus
623 2585 684 2620 est
698 2580 741 2619 in
761 2580 808 2619 N
914 2591 994 2630 393
1024 2580 1251 2630 perspicua
1270 2579 1482 2619 Baehrens
1576 2581 1637 2619 sic
1655 2581 1802 2631 virgea

129 2634 175 2673 D
311 2647 392 2685 394
422 2640 553 2674 novat
572 2634 813 2674 Phillimore
920 2635 1059 2685 primo
1078 2633 1144 2673 P:
1171 2635 1332 2684 primos
1355 2637 1393 2686 (s
1412 2635 1456 2673 in
1478 2634 1517 2685 Q
1526 2641 1657 2687 paene
1673 2637 1798 2687 eras.)
1838 2631 1841 2642 ⁹

130 2689 199 2728 ωδ
326 2690 409 2739 396
436 2689 599 2729 validas
618 2689 660 2728 P
741 2694 928 2728 tractura
945 2687 1150 2728 PBNLl:
1184 2691 1375 2741 tsactura
1395 2689 1463 2739 Q·
1495 2696 1656 2729 tactura
1677 2690 1803 2730 DKS
1844 2737 1847 2739 μ

131 2757 211 2793 404
238 2743 437 2783 volucres
468 2744 528 2795 (q.
560 2744 655 2784 add
681 2744 735 2784 al.
760 2743 840 2796 m.)
870 2744 1047 2793 phereq.
1079 2742 1132 2794 (F
1159 2750 1250 2795 sup.
1280 2743 1338 2794 ph
1368 2743 1485 2796 add.)
1506 2743 1550 2783 P
1718 2757 1799 2796 405

131 2799 387 2849 adversique
406 2798 494 2837 NA
598 2811 678 2848 412
698 2805 820 2849 parte
842 2796 1281 2849 praesagarereclusis
1302 2798 1342 2836 P
1421 2812 1502 2848 414
1520 2797 1710 2839 Arcades
1732 2799 1802 2840 D:

132 2853 342 2893 archados
365 2859 407 2905 (e
427 2860 519 2906 sup.
543 2867 567 2893 ο
586 2853 682 2894 add.
704 2866 776 2894 rec.
798 2855 877 2907 m.)
896 2854 969 2894 Κ·
997 2852 1175 2893 arcados
1194 2851 1395 2903 PBNQS
1499 2853 1679 2894 latrasse
1698 2853 1791 2893 D
