1884 3204
141 164 195 212 P.
235 164 478 212 ΡΑΡΙΝΙ
515 164 720 212 STATI

142 319 292 365 quam
328 302 518 366 patria,
563 319 666 351 non
703 319 784 351 me
818 301 964 350 ullius
999 303 1180 350 domus
1214 299 1358 350 anxia
1392 303 1560 365 culpet

142 393 483 447 respectentve
518 393 679 432 truces
715 382 922 446 obliquo
957 381 1145 430 lumine
1181 391 1374 431 matres.

142 464 228 513 ibo
263 464 422 513 libens
458 473 720 527 certusque
757 463 895 524 mori,
933 463 1048 512 licet
1083 462 1272 526 optima
1306 462 1524 511 coniunx

144 545 473 609 †auditusque
508 545 718 597 iterum†
753 553 950 594 revocet
985 561 1154 605 socer,
1201 546 1336 593 hunc
1371 560 1463 607 ego
1498 543 1701 604 Thebis,
1843 607 1847 614 Ι

144 627 292 686 hunc,
329 643 579 690 germane,
613 626 704 676 tibi
738 626 961 690 iugulum
997 634 1046 674 et
1081 624 1184 685 tibi,
1223 623 1436 674 maxime
1471 626 1662 688 Tydeu,
1727 633 1807 683 380

145 707 338 755 debeo.’
408 707 478 755 sic
513 707 655 755 variis
691 715 989 770 pertemptat
1023 714 1224 769 pectora
1258 704 1404 754 dictis

145 787 470 851 obliquatque
505 805 689 851 preces.
761 796 1043 837 commotae
1079 786 1337 850 questibus
1372 786 1476 835 irae

145 877 194 917 et
230 867 410 917 mixtus
445 868 657 917 lacrimis
693 868 842 917 caluit
877 870 1052 929 dolor3
1099 867 1332 916 omnibus
1368 869 1497 916 ultro

145 967 249 999 non
284 949 521 998 iuvenum
556 951 724 1009 modo,
763 951 852 998 sed
886 949 1060 1012 gelidis
1095 958 1144 997 et
1178 948 1417 997 inertibus
1451 964 1575 997 aevo

146 1031 429 1095 pectoribus
466 1047 607 1079 mens
643 1048 743 1080 una
778 1030 925 1090 subit,
962 1030 1164 1079 viduare
1199 1029 1405 1092 penatis,
1733 1039 1809 1089 385
1855 1035 1858 1039 '

146 1110 381 1160 finitimas
416 1110 654 1159 adhibere
690 1127 879 1170 manus,
918 1110 1118 1174 iamque
1153 1109 1235 1159 ire.
1308 1111 1398 1159 sed
1431 1111 1559 1159 altus

147 1192 365 1242 consiliis
399 1203 539 1256 pater
573 1191 865 1255 imperiique
900 1193 1036 1241 haud
1071 1194 1268 1240 flectere
1303 1193 1488 1240 molem

147 1274 364 1323 inscius:
413 1278 424 1299 ‘
441 1276 545 1322 Ista
579 1273 783 1336 quidem
820 1272 1008 1336 superis
1043 1289 1290 1336 curaeque
1324 1271 1547 1322 medenti

147 1355 368 1419 linquite,
408 1372 607 1419 quaeso,
648 1372 802 1415 meae,
841 1371 934 1403 nec
970 1363 1019 1404 te
1053 1369 1316 1418 germanus
1351 1353 1514 1403 inulto

148 1447 341 1502 sceptra
374 1446 521 1500 geret,
561 1453 725 1500 neque
761 1453 852 1485 nos
887 1435 1020 1485 avidi
1055 1435 1342 1498 promittere
1376 1435 1578 1484 bellum.
1734 1454 1815 1497 390
1859 1431 1861 1433 ¹

147 1528 198 1568 at
233 1536 367 1567 nunc
403 1518 651 1582 egregium
688 1527 928 1581 tantoque
963 1517 1014 1566 in
1050 1516 1289 1581 sanguine
1323 1525 1556 1566 ovantem

149 1600 359 1664 excipite
396 1599 642 1660 Oeniden,
680 1599 1004 1662 animosaque
1040 1608 1242 1662 pectora
1277 1600 1406 1647 laxet

150 1698 258 1730 sera
292 1680 465 1744 quies:
513 1680 658 1730 nobis
694 1682 838 1729 dolor
872 1681 1007 1729 haud
1042 1678 1244 1728 rationis
1280 1678 1474 1742 egebit.'

218 1762 428 1811 Turbati
463 1764 713 1825 extemplo
749 1761 955 1810 comites
991 1770 1040 1810 et
1074 1761 1273 1825 pallida·
1293 1759 1511 1809 coniunx

113 1885 115 1887 .
151 1845 325 1907 Tydea
360 1843 545 1892 circum
582 1859 756 1892 omnes
792 1844 977 1891 fessum
1012 1842 1230 1906 bellique
1263 1841 1474 1905 viaeque
1737 1859 1814 1902 395

152 1925 405 1988 stipantur.
478 1926 635 1972 laetus
672 1922 847 1972 mediis
883 1922 935 1971 in
971 1923 1173 1972 sedibus
1208 1925 1350 1972 aulae
1717 1926 1720 1930 “

152 2005 387 2066 constitit,
424 2004 713 2068 ingentique
748 2013 983 2067 exceptus
1018 2013 1154 2066 terga
1189 2005 1438 2064 columna,

151 2089 355 2135 vulnera
389 2088 511 2136 dum
547 2085 760 2150 lymphis
799 2084 1097 2148 Epidaurius
1134 2084 1254 2134 eluit
1291 2086 1489 2144 Idmon,

153 2185 288 2216 nunc
323 2169 467 2216 velox
499 2169 641 2228 ferro,
681 2184 815 2216 nunc
850 2166 931 2216 ille
966 2165 1250 2229 tepentibus
1285 2166 1451 2215 herbis

154 2248 331 2307 mitior,
370 2248 476 2311 ipse
510 2250 610 2296 alta
644 2249 879 2296 seductus
916 2256 1083 2296 mente
1118 2255 1333 2296 renarrat
1739 2266 1822 2301 400

153 2329 395 2396 principia
430 2329 623 2389 irarum,
663 2346 891 2392 quaeque
928 2345 1066 2378 orsus
1102 2337 1311 2391 uterque
1345 2326 1576 2389 vicissim,

155 2411 266 2476 quis
301 2413 441 2459 locus
476 2410 681 2470 insidiis,
722 2410 874 2458 tacito
907 2426 1036 2473 quae
1071 2419 1296 2473 tempora
1331 2409 1477 2469 bello,

207 2538 287 2576 377
317 2530 616 2575 respectentve
645 2525 695 2574 P,
728 2525 775 2575 cf.
809 2524 985 2563 Mueller
1018 2524 1077 2563 ad
1105 2523 1209 2564 ἶσαι
1249 2530 1578 2575 respectentque
1606 2523 1676 2564 wS
1691 2538 1702 2565 ς
1746 2538 1819 2564 ex-

155 2586 384 2631 pectentve
415 2578 530 2620 Serv.
641 2579 819 2629 matres]
851 2580 938 2617 nati
966 2578 1082 2618 Serv.
1267 2580 1349 2628 378
1378 2579 1536 2628 optima
1565 2579 1756 2632 (†0bvia)
1776 2579 1822 2617 D

153 2648 236 2686 379
275 2639 565 2684 augustusque
595 2634 747 2672 iterum
780 2633 933 2683 Bury:
977 2633 1244 2683 ambitusque
1277 2633 1341 2672 vel
1375 2634 1730 2683 grandaevusque
1768 2633 1814 2673 it.

155 2690 297 2728 Slater
314 2702 324 2727 ι
377 2688 638 2738 largitusque
658 2694 796 2727 torum
815 2686 1065 2726 Lachmann
1082 2701 1091 2726 z
1122 2688 1299 2726 suadeat
1318 2700 1451 2737 usque
1471 2694 1622 2741 torum,
1647 2694 1822 2727 revocet

156 2756 280 2782 socer
300 2743 550 2793 temptabam
574 2743 702 2782 class.
723 2743 825 2782 Rev.
848 2742 963 2782 xviii.
986 2744 1012 2779 6
1132 2754 1214 2791 ego
1242 2742 1400 2780 Thebis
1420 2742 1464 2780 in
1486 2755 1565 2781 ms.
1591 2741 1640 2780 N
1742 2743 1824 2791 388

155 2796 370 2836 medentia
400 2797 451 2846 P,
487 2810 584 2836 corr.
618 2809 716 2847 ego:
763 2797 976 2835 medenda
1005 2794 1073 2835 ωδ
1286 2808 1368 2846 390
1409 2809 1488 2835 nos
1522 2795 1566 2833 P
1578 2811 1589 2835 ι
1638 2808 1715 2836 vos
1758 2796 1827 2836 ωδ
1861 2799 1863 2803 ”

156 2851 297 2902 pavidi
315 2851 538 2899 Baehrens,
561 2851 675 2901 quod
697 2852 738 2890 si
762 2852 948 2901 receperis
974 2850 1239 2890 committere
1268 2864 1365 2889 cum
1394 2850 1506 2889 codd.
1526 2850 1622 2891 dett.
1652 2850 1823 2890 scriben-

155 2906 262 2944 dum
361 2906 609 2955 promittere
631 2905 933 2957 (†promittite)
957 2905 1000 2943 D
1022 2904 1073 2956 (2)
1097 2919 1107 2943 z
1146 2905 1382 2954 promittite
1400 2904 1583 2943 Bernart
1743 2917 1822 2954 397

156 2961 379 2999 columnae
398 2959 441 2997 P
584 2972 668 3009 399
697 2959 937 3010 tepentibus
955 2959 1022 2998 P:
1059 2959 1256 3009 pentibus
1275 2957 1367 3008 (ten
1386 2965 1478 3010 sup.
1503 2972 1531 2997 n
1551 2972 1627 2998 scr.
1649 2971 1723 2998 rec.
1745 2961 1822 3011 m.)

154 3014 224 3054 B:
255 3014 497 3064 potentibus
521 3013 732 3064 DKQNS
912 3027 989 3063 401
1022 3013 1186 3063 utrique
1208 3012 1274 3063 Q:
1302 3013 1512 3062 utrimque
1530 3013 1574 3052 B
