1884 3204
999 156 1409 208 THEBAIDOS
1445 158 1660 205 LIBER
1695 158 1741 203 X

54 359 59 372 ‚
94 305 303 369 pulvere.
377 299 599 349 nondum
636 296 705 346 illi
740 297 1024 346 Thebarum
1062 298 1271 346 claustra
1306 296 1552 355 subibant,

94 393 143 434 et
175 383 271 432 iam
306 378 485 444 Argiva
520 379 696 427 cohors
734 386 976 426 nocturno
1012 378 1132 425 freta
1167 376 1417 439 triumpho
1661 393 1739 437 475

93 461 278 530 prosilit
311 461 361 510 in
398 475 599 521 campos
616 475 630 519 3
676 474 762 522 per
797 466 845 506 et
879 473 1014 505 arma
1049 466 1097 505 et
1133 458 1354 505 membra
1389 455 1637 504 iacentum

93 551 339 606 taetraque
373 537 599 602 congerie
634 539 738 586 sola
772 536 1218 599 semianimumque
1253 553 1476 585 cruorem

38 619 56 678 ’,
93 622 380 687 cornipedes
415 619 606 684 ipsique
640 626 819 666 ruunt:
865 616 1021 681 gravis
1057 617 1227 665 exterit
1261 610 1392 665 artus

68 705 283 772 ungula,
323 698 617 763 sanguineus
653 700 781 747 lavat
815 698 973 747 imber
1007 706 1056 746 et
1090 696 1298 760 impedit
1332 696 1447 745 axis.

92 785 235 834 dulce
269 780 380 830 viris
416 781 508 828 hac
543 778 611 828 ire
645 778 735 838 via,
775 795 866 827 ceu
902 786 1031 827 tecta
1066 776 1264 840 superbi
1661 785 1743 836 480

72 861 291 916 ¹Sidonia
324 870 472 924 atque
507 859 636 923 ipsas
673 860 863 908 calcent
898 858 948 906 in
984 857 1221 922 sanguine
1256 858 1469 906 Thebas.

83 946 306 1013 *hortatur
341 942 631 1005 Capaneus:
683 939 834 989 ‘Satis
870 941 1127 999 occultata,
1166 937 1371 1002 Pelasgi,

90 1022 280 1075 delituit
313 1021 493 1070 virtus:
540 1037 674 1069 nunc
709 1037 842 1068 nunc
878 1018 1000 1068 mihi
1034 1018 1228 1068 vincere
1263 1019 1523 1082 pulchrum

42 1119 55 1126 “·
91 1112 212 1155 teste
247 1102 327 1152 die
344 1121 358 1164 3
399 1118 594 1151 mecum
631 1103 845 1150 clamore
881 1110 929 1150 et
963 1101 1163 1164 pulvere
1197 1109 1366 1163 aperto

42 1243 47 1248 ‚
78 1185 154 1235 -ite
188 1186 364 1249 palam,
402 1183 635 1232 iuvenes:
683 1191 798 1231 sunt
833 1191 881 1231 et
917 1181 1038 1229 mihi
1072 1180 1276 1245 provida
1311 1182 1508 1230 dextrae
1658 1190 1739 1242 485

89 1265 291 1316 numina
325 1274 374 1314 et
409 1263 642 1313 horrendi
678 1263 844 1312 stricto
881 1279 1116 1311 mucrone
1152 1263 1366 1310 furores!

89 1346 158 1396 sic
191 1346 258 1395 ait
274 1364 288 1408 3
333 1344 549 1394 ardentis
583 1346 744 1393 alacer
777 1342 1035 1392 succendit
1069 1344 1309 1391 Adrastus

0 1417 3 1420 Δ
89 1427 442 1492 Argolicusque
477 1442 638 1489 gener,
678 1423 898 1487 sequitur
933 1423 1031 1471 iam
1067 1422 1247 1471 tristior
1280 1439 1446 1485 augur.

89 1507 283 1571 iamque
317 1514 546 1570 premunt
581 1522 747 1554 muros
783 1504 852 1568 (et
887 1505 1052 1553 adhuc
1088 1520 1217 1552 nova
1251 1504 1422 1551 funera
1457 1512 1619 1552 narrat

87 1588 360 1653 Amphion)
397 1586 723 1648 miseramque
756 1584 1004 1634 intrabant
1037 1583 1260 1647 protinus
1295 1584 1483 1643 urbem,
1658 1604 1742 1647 490

88 1669 139 1718 ni
176 1671 433 1732 Megareus
469 1668 668 1731 specula
703 1666 827 1715 citus
864 1667 1185 1714 exclamasset
1219 1665 1282 1714 ab
1317 1666 1447 1714 alta:

39 1796 42 1800 .
89 1750 102 1773 ‘
122 1747 325 1806 Claude,
361 1745 486 1808 vigil,
526 1744 754 1793 subeunt*
774 1745 956 1803 hostes,
995 1744 1170 1792 claude
1205 1742 1427 1805 undique
1462 1750 1626 1806 portas
1650 1746 1684 1791 1²

155 1829 244 1876 Est
277 1825 364 1876 ubi
398 1827 483 1875 dat
518 1824 629 1874 viris
666 1824 846 1872 nimius
883 1823 1060 1873 timor:
1109 1823 1246 1872 ocius
1271 1823 1432 1872 omnis

20 1904 26 1912 ⁴
88 1916 227 1972 porta
261 1907 393 1967 coit3
435 1907 562 1955 solas
599 1907 718 1954 dum
755 1904 939 1953 tardius
974 1913 1098 1953 artat
1136 1904 1331 1953 Echion

89 1987 314 2052 Ogygias,
350 1988 510 2035 audax
543 1985 719 2034 animis
756 1987 992 2048 Spartana
1026 1984 1253 2034 iuventus
1657 2005 1738 2049 495

0 2061 2 2137 ζ
83 2068 281 2132 inrupit,
318 2067 546 2130 caesique
581 2075 728 2115 ruunt
762 2065 813 2114 in
847 2065 1016 2115 limine
1050 2065 1209 2129 primo

88 2149 249 2198 incola
282 2148 487 2212 Taygeti
523 2150 784 2211 Panopeus
819 2145 1059 2210 rigidique
1094 2155 1286 2195 natator

90 2231 307 2281 Oebalus
345 2231 559 2277 Eurotae
575 2245 589 2289 3
635 2237 801 2291 tuque,
840 2244 870 2276 o
906 2236 1123 2291 spectate
1158 2227 1407 2290 palaestris

89 2310 319 2360 omnibus
354 2318 403 2359 et
437 2326 592 2373 nuper
628 2311 880 2357 Nemeaeo
915 2307 967 2356 in
1001 2310 1200 2371 pulvere
1234 2308 1361 2368 felix,

89 2391 362 2452 Alcidama,
397 2390 564 2454 primis
601 2406 749 2454 quem
786 2389 1029 2439 caestibus
1066 2388 1170 2452 ipse
1205 2389 1374 2452 ligarat
1660 2411 1739 2453 500

88 2471 407 2535 Tyndarides,
445 2470 587 2520 nitidi
622 2469 835 2520 moriens
870 2486 1089 2520 convexa
1122 2469 1337 2533 magistri

28 2556 38 2613 'h
88 2552 315 2617 respicis:
361 2568 531 2600 averso
566 2551 742 2616 pariter
776 2553 898 2601 deus
934 2550 1116 2601 occidit
1149 2561 1292 2601 astro.

142 2682 222 2732 478
251 2681 451 2731 cornipes
469 2681 516 2720 N
620 2680 755 2720 exerit
772 2679 854 2729 ΝΩ
1030 2693 1111 2730 479
1138 2680 1238 2719 libat
1256 2679 1317 2721 P:
1359 2679 1471 2719 labat
1490 2680 1554 2719 N²
1574 2689 1578 2692 ’
1662 2681 1737 2720 im-

89 2735 196 2788 perit
219 2736 263 2786 (d
283 2741 374 2786 sup.
396 2748 417 2774 r
434 2734 552 2786 add.)
570 2733 613 2773 P
803 2736 879 2783 481
909 2736 1118 2785 sanguine
1137 2733 1264 2773 PDA
1282 2749 1292 2774 :
1333 2734 1505 2784 pulvere
1533 2734 1738 2785 BKNQS

88 2791 168 2840 483
195 2790 328 2829 virtus
343 2790 398 2829 al.
422 2802 479 2828 m.
503 2789 542 2838 Q
650 2801 761 2827 nunc
782 2801 893 2828 nunc
913 2789 981 2828 ωδ
997 2803 1006 2829 :
1036 2802 1149 2828 nunc
1171 2794 1236 2827 est
1253 2788 1297 2827 P
1456 2790 1538 2839 486
1565 2791 1738 2828 numina

90 2842 252 2884 Menke:
293 2844 434 2882 omina
456 2842 586 2894 codd„
614 2844 661 2894 cf.
690 2842 748 2882 iii.
773 2843 853 2892 615
1071 2844 1148 2893 487
1178 2843 1369 2882 succedit
1396 2842 1440 2881 P
1653 2857 1736 2894 490

90 2897 294 2937 intrarant
312 2896 374 2936 P²
556 2910 634 2948 497
666 2897 874 2947 ridigique
899 2897 948 2936 N
1119 2910 1202 2949 499
1230 2910 1367 2947 nuper
1398 2897 1479 2936 iam
1507 2897 1669 2937 Nemeo
1697 2898 1736 2949 Q

92 2949 189 2992 Cod.
210 2951 326 3004 Corp.
349 2965 359 2992 ε
386 2964 539 2992 nemeo
558 2952 606 2991 N
761 2962 844 3002 500
870 2950 1024 3004 ligabat
1043 2950 1086 2990 P
1245 2963 1327 3002 502
1355 2953 1534 2992 adverso
1553 2952 1601 2992 N
