1884 3204
279 106 335 153 Ρ.
373 103 616 158 PAPINI
653 107 858 163 STATI

277 245 528 307 PhoebuS‚
566 256 616 297 et
648 248 867 314 aurigam
902 249 1058 301 iactus
1093 251 1356 317 detorquet
1389 250 1441 303 in
1478 253 1689 305 Hersen.

275 324 521 391 illesruit:
567 330 691 379 deus
725 329 832 394 ipse
866 332 999 396 vagis
1034 333 1256 384 succedit
1291 334 1515 396 habeniS,

208 408 557 475 ‘Lernaeum
592 411 717 461 falso
752 411 990 462 simulans
1028 414 1362 465 Haliacmona
1396 417 1551 465 vultu.

276 495 398 538 tunc
433 506 550 539 vero
585 491 778 541 ardenti
812 509 916 542 non
951 496 1052 543 ulla
1087 494 1326 545 obsistere
1362 504 1608 560 temptant
1859 515 1882 562 7

274 567 428 633 signa,
466 580 615 620 ruunt
650 574 758 622 solo
793 581 989 635 terrore,
1028 584 1076 624 et
1111 576 1314 624 vulnera
1349 574 1470 624 citra

273 666 407 700 mors
442 651 646 715 trepidis
680 652 856 717 ignava
889 653 1038 714 venit,
1076 654 1387 718 dubiumque
1421 655 1580 705 tuenti

278 731 510 794 presserit
545 732 750 808 infestps
787 751 914 784 onus
950 734 1265 799 impuleritne
1298 735 1486 800 iugalis.

188 812 342 861 *εἰς
377 811 465 861 ubi
499 813 781 863 nubiferum
817 814 1001 864 montis
1029 816 1156 865 latus
1190 825 1277 865 aut
1311 833 1441 866 nova
1475 817 1634 867 ventis

270 891 416 942 solvit
450 893 610 942 hiems
645 903 730 943 aut
764 894 895 943 victa
930 894 1026 944 situ
1061 913 1163 945 non
1198 896 1398 960 pertulit
1431 906 1581 958 aetas,
1858 918 1884 964 7,

272 973 437 1022 desilit
471 975 747 1024 horrendus
784 991 963 1040 campo
1005 975 1169 1038 timor,
1203 994 1318 1026 arva
1352 976 1584 1041 virosque

268 1053 426 1103 limite
460 1072 564 1104 non
599 1072 701 1105 uno
736 1057 1077 1120 longaevaque
1112 1057 1291 1107 robora
1326 1074 1496 1107 secum

267 1134 615 1199 praecipitans,
649 1137 954 1201 tandemque
988 1139 1254 1187 exhaustus
1289 1137 1486 1188 turbine
1519 1139 1651 1189 fesso

267 1225 354 1265 aut
388 1218 567 1266 vallem
604 1226 744 1266 cavat
779 1226 866 1267 aut
901 1217 1095 1268 medios
1130 1217 1378 1282 intercipit
1412 1218 1586 1268 amnis.

267 1313 372 1346 non
408 1314 551 1347 secus
585 1297 874 1363 ingentique
909 1298 1014 1348 viro
1049 1316 1332 1363 magnoque
1366 1309 1593 1363 gravatus

266 1386 402 1427 terno
438 1380 536 1428 deo
570 1396 705 1428 nunc
740 1380 850 1440 hoc,
889 1396 1024 1429 nunc
1059 1379 1144 1429 illo
1179 1379 1231 1429 in
1267 1380 1506 1444 sanguine
1541 1374 1707 1432 fervet.

265 1458 372 1523 ipse
407 1460 587 1509 sedens
621 1459 730 1510 telis
766 1460 1044 1525 pariterque
1079 1460 1322 1510 ministrat
1356 1460 1566 1511 habenis

266 1538 455 1600 Delius,
494 1539 600 1603 ipse
636 1542 784 1590 docet
819 1540 976 1590 iactus
1011 1543 1318 1605 adversaque
1352 1539 1506 1590 flectit

263 1618 454 1683 spicula
487 1622 836 1685 fortunamque
869 1621 1024 1679 hastis
1058 1621 1371 1672 venientibus
1406 1623 1577 1671 aufert.

264 1709 549 1750 sternuntur
583 1710 710 1751 terra
746 1704 1008 1752 Menaleus
1043 1704 1212 1766 pedes,
1251 1701 1504 1766 Antiphus
1538 1703 1641 1752 alto

263 1779 334 1828 nil
369 1782 603 1831 defensus
639 1799 783 1846 equo,
821 1782 1116 1847 genitusque
1154 1782 1459 1831 Heliconide
1494 1784 1715 1847 nympha

263 1861 499 1923 Aethion,
536 1879 784 1926 caesoque
818 1862 1015 1912 infamis
1050 1864 1197 1912 fratre
1233 1862 1435 1923 Polites,

262 1952 572 2007 conatusque
607 1943 725 1993 toris
759 1942 983 1992 vittatam
1018 1942 1260 2007 attingere
1297 1945 1478 1992 Manto

263 2024 515 2088 Lampus:
562 2023 613 2072 in
649 2025 784 2074 hunc
819 2040 980 2073 sacras
1017 2023 1253 2074 Phoebus
1289 2023 1432 2073 dedit
1466 2022 1573 2087 ipse
1609 2023 1820 2088 sagittas,

262 2111 311 2152 et
345 2103 445 2153 iam
481 2104 775 2169 cornipedes
810 2103 988 2169 trepidi
1021 2120 1082 2153 ac
1116 2103 1415 2154 moribunda
1448 2106 1676 2155 reflantes
1849 2119 1884 2170 74

262 2199 470 2248 corpora
503 2184 742 2234 rimantur
776 2194 941 2246 terraS,
979 2184 1244 2249 omnisque
1278 2202 1366 2249 per
1398 2194 1531 2234 artus

1858 1318 1880 1366 ⁸1·

1855 1720 1884 1768 §8

261 2267 427 2314 sulcus
463 2275 512 2315 et
546 2265 713 2316 incisis
747 2268 902 2316 altum
938 2266 1082 2316 rubet
1117 2265 1277 2316 orbita
1312 2264 1561 2315 membris.

260 2346 353 2399 hos
388 2346 488 2396 iam
523 2346 793 2412 ignorantis
829 2347 940 2397 terit
974 2346 1156 2411 impius
1190 2346 1308 2408 axis,
1345 2355 1396 2396 at
1430 2346 1501 2396 illi

316 2489 394 2526 737
423 2477 557 2516 iactus
577 2476 639 2516 P:
670 2477 782 2517 iactu
802 2476 845 2515 A
861 2491 870 2517 :
899 2476 1069 2527 iactus]
1087 2476 1130 2515 Β
1150 2491 1160 2517 ε
1187 2477 1323 2517 iaculo
1343 2475 1554 2517 BDKNS
1658 2475 1701 2516 in
1719 2487 1846 2516 ersen
1859 2472 1884 2515 I

257 2530 302 2570 in
322 2531 488 2571 hex-tem
506 2531 630 2582 BQA
651 2546 661 2571 :
692 2532 872 2571 inertem
891 2530 1062 2571 DKNS
1076 2547 1086 2572 x
1116 2531 1160 2570 in
1182 2531 1368 2582 Harpyn
1393 2532 1534 2583 Unger
1648 2543 1729 2581 740
1755 2530 1872 2570 nulla

260 2598 341 2636 743
371 2586 550 2625 infestos
569 2585 735 2625 PKNS
753 2600 763 2624 :
800 2585 986 2625 infessos
1006 2585 1228 2638 (suprascr.
1247 2586 1429 2626 infestos
1449 2585 1502 2625 al.
1526 2584 1606 2634 m.)
1626 2583 1671 2623 D
1689 2598 1700 2623 τ
1746 2584 1884 2624 infess«

260 2640 343 2688 (in-
356 2653 461 2679 corr.
482 2642 526 2680 in
551 2641 628 2690 ia-)
645 2640 685 2691 Q
705 2655 715 2680 :
749 2640 935 2679 infessos
954 2638 998 2678 A
1017 2654 1027 2679 ε
1055 2640 1246 2680 insessos
1266 2640 1308 2679 B
1388 2652 1518 2679 sonus
1537 2638 1581 2678 P
1655 2638 1884 2690 impuleritx

260 2693 479 2747 (suprascr.
504 2693 787 2746 ‘ap0110’)P1
861 2696 941 2745 746
968 2707 1085 2734 arma
1102 2694 1179 2735 PS
1262 2706 1338 2745 755
1367 2699 1481 2733 terra
1494 2692 1603 2745 PmS
1616 2706 1627 2732 :
1645 2699 1786 2733 terrae
1796 2692 1884 2731 Kok

258 2762 394 2787 mann
410 2762 511 2788 cum
531 2749 643 2790 codd.
666 2748 759 2790 dett.
897 2750 1118 2788 menaleus
1136 2747 1255 2799 PQS
1269 2762 1279 2787 :
1313 2748 1530 2788 melaneus
1547 2746 1632 2786 NB
1647 2746 1707 2798 (m
1725 2752 1817 2799 sup.
1835 2747 1884 2798 Bj

256 2802 449 2843 melanes
466 2803 515 2844 K
640 2805 720 2854 756
747 2804 919 2854 genitus
938 2802 983 2842 D
1106 2815 1183 2854 757
1213 2803 1356 2843 aetion
1375 2802 1462 2841 ΒΚ
1477 2816 1487 2842 2
1515 2802 1654 2842 action
1673 2799 1722 2841 N
1845 2813 1884 2851 75

256 2856 490 2907 adiungere
507 2857 761 2908 quraredus
927 2859 1007 2908 760
1035 2856 1187 2908 trepidi
1207 2855 1273 2896 P:
1304 2856 1472 2908 trepida
1490 2855 1560 2896 ωδ
