1884 3204
179 54 234 103 P.
275 55 518 103 ΡΑΡΙΝΙ
555 53 761 103 STATI

181 195 306 242 ora?
352 191 474 256 quid
507 194 724 242 alternus
758 193 922 242 vultus
957 194 1212 257 pallorque
1246 193 1494 257 ruborque

181 282 356 334 mutat,
392 282 441 322 et
476 272 646 322 obnixi
680 274 910 337 frangunt
945 276 1075 322 mala
1109 291 1361 323 murmura
1395 275 1607 323 dentes?

181 371 262 402 me
297 353 541 413 miseram,
580 353 776 403 vinces!
829 353 963 417 prius
999 356 1123 403 haec
1158 364 1327 404 tamen
1360 371 1496 403 arma
1530 369 1735 403 necesse
1770 360 1843 403 est'

181 434 429 524 experiare
463 434 632 484 domi:
679 435 823 484 stabo
857 435 967 499 ipso
1002 435 1054 483 in
1089 435 1259 485 limine
1294 445 1464 499 portae

179 515 457 579 auspicium
492 515 661 565 infelix
695 518 1036 580 scelerumque
1071 516 1302 566 immanis
1337 516 1513 580 imago.
1766 535 1859 575 340*

180 597 305 646 haec
340 596 431 646 tibi
467 596 685 657 canities,
723 599 847 646 haec
883 606 998 645 sunt
1033 599 1284 658 calcanda,
1322 599 1551 656 nefande,

180 678 346 737 ubera,
385 694 571 741 perque
607 687 802 726 uterum
839 677 1037 741 sonipes
1074 678 1155 727 hic
1191 678 1359 727 matris
1394 679 1628 741 agendus.

179 775 355 821 parce:
404 757 526 821 quid
562 757 844 821 oppositam
879 759 1059 821 capulo
1092 775 1363 822 parmaque
1397 758 1628 822 repellis?

179 856 282 888 non
318 855 411 901 ego
446 848 495 887 te
530 847 703 887 contra
738 837 915 901 Stygiis
949 838 1117 887 feralia
1150 839 1289 887 sanxi
1868 901 1870 905 .

180 929 296 969 vota
331 919 452 979 deis,
491 936 642 968 caeco
677 936 771 968 nec
809 918 1015 982 Erinyas
1052 936 1136 968 ore
1171 919 1350 984 rogavi.
1769 937 1871 980 345*

180 993 360 1050 exaudi
396 1000 657 1061 miseram3
702 999 923 1063 genetrix
957 1008 1023 1061 te,
1059 1017 1217 1060 saeve,
1256 1009 1499 1064 precatur,

180 1099 284 1132 non
319 1091 458 1146 pater
474 1100 489 1143 3
534 1083 666 1131 adde
701 1098 891 1130 moram
928 1081 1098 1130 sceleri
1133 1091 1183 1131 et
1219 1081 1391 1131 metire
1425 1083 1562 1145 quod
1596 1082 1764 1130 audes.

181 1165 270 1212 sed
305 1165 469 1226 pulsat
504 1179 671 1212 muros
706 1179 968 1226 germanus
1003 1171 1053 1212 et
1088 1162 1240 1227 impia
1274 1172 1446 1212 contra

181 1245 312 1294 bella
347 1244 484 1293 ciet?
530 1261 634 1294 non
669 1253 826 1293 mater
860 1244 1009 1304 enirn,
1048 1261 1151 1294 non
1187 1244 1352 1293 obstat
1387 1243 1523 1293 eunti

180 1328 281 1375 ulla
316 1342 485 1387 soror3
532 1335 581 1375 te
617 1335 797 1375 cuncta
831 1334 1017 1389 rogant,
1057 1325 1139 1375 hic
1172 1325 1451 1389 plangimus
1487 1342 1675 1375 omnes.
1767 1345 1848 1387 350

179 1416 255 1456 ast
289 1407 360 1456 ibi
394 1407 475 1456 vix
509 1424 638 1456 unus
673 1423 863 1470 pugnas
899 1406 1153 1456 dissuadet
1188 1408 1442 1466 Adrastus,

180 1497 266 1537 aut
300 1490 506 1537 fortasse
540 1487 708 1537 iubet:
755 1497 809 1536 tu
844 1487 1016 1536 limina
1049 1487 1181 1536 avita
1215 1489 1438 1551 deosque

181 1568 363 1632 linquis
398 1578 448 1618 et
482 1586 512 1617 a
546 1568 725 1618 nostris
761 1568 813 1617 in
848 1570 1045 1618 fratrem
1080 1568 1389 1632 amplexibus
1425 1568 1525 1618 exis
1544 1570 1565 1617 Ρ
1584 1570 1595 1590 ’

249 1653 318 1699 At
353 1659 491 1714 parte
527 1667 587 1699 ex
620 1650 716 1698 alia
750 1649 926 1699 tacitos
962 1651 1192 1699 obstante
1228 1652 1443 1699 tumultu

182 1731 435 1795 Antigone
470 1733 628 1779 furata
661 1732 840 1794 gradus
878 1734 992 1796 (nec
1027 1740 1162 1779 casta
1196 1732 1409 1780 retardat
1771 1750 1870 1795 355,

182 1811 456 1877 virginitas)
489 1813 622 1860 volat
659 1810 836 1875 Ogygii
870 1810 1062 1874 fastigia
1098 1811 1224 1859 muri
1845 1813 1851 1821 ²

184 1910 474 1957 exsuperare
510 1895 710 1954 furens3
759 1891 923 1942 senior
957 1909 1126 1942 comes
1160 1893 1330 1941 haeret
1365 1891 1502 1941 eunti

183 1978 351 2035 Actor,
391 1983 440 2023 et
474 1974 557 2023 hic
593 1991 812 2023 summas
848 1991 950 2023 non
986 1976 1247 2024 duraturus
1283 1975 1348 2024 ad
1383 1991 1533 2023 arces.

183 2066 338 2120 utque
372 2057 546 2119 procul
580 2054 696 2104 visis
731 2057 936 2119 paulum
971 2054 1217 2104 dubitavit
1251 2055 1303 2103 in
1337 2054 1499 2115 armis,
1868 2119 1870 2122 Υ

183 2137 483 2202 agnovitque
519 2136 679 2198 (nefas
703 2138 735 2202 1)
771 2136 942 2186 iaculis
978 2146 1027 2186 et
1061 2154 1185 2186 voce
1221 2137 1434 2201 superba
1772 2129 1869 2204 3⁶⁶ss

183 2229 315 2269 tecta
349 2218 695 2279 incessentem,
734 2235 915 2282 magno
950 2217 1084 2282 prius
1121 2217 1290 2267 omnia
1324 2219 1527 2280 planctu
1866 2211 1868 2213 ¹

184 2300 358 2364 implet
392 2309 441 2348 et
477 2316 536 2347 ex
571 2298 722 2348 muris
758 2316 850 2348 ceu
887 2300 1186 2348 descensura
1219 2300 1469 2361 profatur:

187 2385 198 2407 ‘
217 2380 506 2444 Comprime
541 2381 639 2429 tela
674 2397 826 2428 manu
861 2381 1167 2443 paulumque
1203 2381 1332 2428 hanc
1367 2378 1556 2443 respice
1591 2379 1775 2442 turrim,

185 2464 344 2522 frater,
383 2471 432 2511 et
468 2461 712 2510 horrentis
747 2463 871 2511 refer
906 2460 958 2509 in
995 2477 1107 2510 mea
1140 2460 1330 2509 lumina
1363 2459 1565 2510 cristas!

241 2592 324 2641 336
354 2591 547 2630 alternus
583 2589 783 2640 BKNQ:
821 2590 1007 2630 alternos
1042 2589 1129 2628 PD
1159 2590 1258 2642 (†us
1295 2596 1500 2642 suprascr.
1530 2590 1594 2641 D)
1771 2581 1862 2642 337³

186 2652 229 2685 et
259 2660 343 2686 om.
386 2645 424 2694 Q
620 2647 701 2694 338
736 2658 812 2683 ora
857 2645 1076 2696 (suprascr.
1121 2645 1260 2696 arma)
1303 2644 1343 2694 Q
1515 2656 1598 2695 339
1626 2647 1854 2695 expertare

185 2700 241 2739 Pl
266 2702 490 2750 (suprascr.
515 2700 777 2750 †expectare
795 2698 874 2749 122)
1043 2711 1119 2748 341
1152 2699 1310 2738 calcata
1328 2698 1371 2738 P
1544 2701 1626 2748 346
1653 2712 1781 2739 saeva
1813 2699 1855 2739 P

185 2752 266 2803 '353
297 2754 464 2802 linques
499 2754 569 2802 (-i-
603 2753 828 2805 suprascr.)
859 2752 898 2803 Q
1006 2754 1162 2792 vestris
1195 2753 1237 2791 A
1411 2764 1490 2802 357
1520 2766 1665 2793 comes
1697 2767 1781 2796 om.
1812 2752 1855 2794 P

186 2809 268 2857 358
296 2807 459 2846 Auctor
490 2807 532 2845 P
705 2810 782 2857 361
814 2807 1104 2846 incessentem
1137 2807 1264 2845 PBD
1290 2806 1379 2848 edd.
1405 2822 1415 2848 ε
1454 2808 1736 2847 incessantem
1771 2807 1860 2860 ΩΝλ

185 2858 359 2912 Εκζγεὴ.
380 2860 527 2901 Menke
689 2864 770 2912 362
801 2862 1049 2901 discensura
1069 2861 1306 2912 profatisP
1403 2866 1405 2868 '
