1884 3204
914 75 1323 126 THEBAIDOS
1359 77 1573 127 LIBER
1609 76 1743 124 VIII

9 272 13 274 .
99 222 219 288 quid
254 219 429 270 mirum
464 215 669 266 caluisse
704 214 871 263 viros?
917 215 1230 261 flammantur
1263 211 1313 259 in
1349 212 1542 260 hostem
1666 229 1745 274 390

12 322 15 328 ’
72 300 385 365 ,cornipedes
420 297 663 359 niveoque
698 294 853 357 rigant
888 295 992 341 sola
1027 292 1186 355 putria
1221 291 1406 349 nimb0‚

96 395 299 444 corpora
332 394 422 428 ceu
458 375 594 425 mixti
629 373 844 424 dominis
879 372 1072 435 irasque
1108 373 1368 420 sedentum

11 486 13 497 ‹
94 457 368 509 induerint:
417 456 485 506 sic
520 457 655 504 frena
689 462 865 514 terunt,
903 451 972 501 sic
1008 451 1192 515 proelia
1227 459 1439 514 poscunt

30 530 56 588 ¹.
93 536 287 587 hinnitu
325 539 601 599 tolluntque
636 550 798 583 armos
834 531 1124 595 equitesque
1161 530 1405 593 supinant.

161 619 367 681 Iamque
401 625 560 677 ruunt,
599 614 883 679 primusque
918 612 1075 660 virum
1112 606 1400 659 concurrere
1435 608 1592 673 pulvis
1667 627 1744 670 395

80 697 276 762 incipit,
314 707 363 748 et
398 696 565 762 spatiis
601 695 849 758 utrimque
884 692 1174 757 aequalibus
1210 691 1307 740 acti

90 780 356 832 adventant
391 777 712 840 mediumque
747 775 916 824 vident
952 775 1235 822 decrescere
1271 787 1516 834 campum.

84 858 188 909 iam
223 859 409 923 clipeus
445 857 626 922 clipeis,
666 857 886 905 umbone
921 853 1168 918 repellitur
1202 853 1371 913 umbo,

91 957 207 991 ense
243 939 407 988 minax
443 938 586 999 ensis,
624 939 752 1002 pede
787 953 874 1000 pes
910 944 958 985 et
995 934 1200 998 cuspide
1237 933 1434 997 cuspis:
1723 998 1726 1001 v

43 1055 47 1058 -
91 1019 160 1070 sic
195 1019 376 1069 obnixa
409 1019 539 1068 acies
575 1018 754 1082 pariter
789 1015 995 1080 suspiria
1029 1017 1234 1074 fumant,
1664 1032 1746 1071 400

63 1102 422 1163 ‘admotaeque
458 1099 616 1148 nitent
651 1098 812 1147 aliena
847 1097 898 1144 in
934 1095 1126 1145 casside
1162 1094 1348 1143 cristae.

89 1182 293 1246 pulcher
326 1182 491 1230 adhuc
527 1179 643 1229 belli
677 1181 870 1227 vultus:
918 1186 1048 1226 stant
1084 1175 1265 1224 vertice
1300 1173 1426 1233 coni,

87 1264 234 1327 plena
266 1270 487 1310 armenta
520 1260 648 1320 viris,
686 1259 807 1307 nulli
843 1258 948 1307 sine
983 1256 1207 1320 praeside
1243 1273 1425 1315 currus,

87 1359 222 1393 arma
256 1344 381 1402 loco,
421 1342 683 1404 splendent
719 1339 863 1403 clipei
899 1340 1255 1402 pharetraeque
1291 1338 1500 1384 decorae

88 1423 380 1487 cingulaque
416 1431 464 1471 et
499 1422 725 1470 nondum
762 1421 983 1468 deforme
1019 1417 1274 1466 cruoribus
1309 1415 1496 1464 auru'm.
1625 1405 1635 1413 ⁹
1661 1437 1742 1478 405

88 1513 138 1554 at
171 1512 432 1568 postquam
469 1501 628 1550 rabies
664 1509 712 1549 et
748 1499 876 1548 vitae
912 1498 1118 1562 prodiga
1154 1497 1304 1546 virtus

25 1593 40 1605 ‘
90 1583 294 1633 emisere
327 1582 532 1643 animos,
573 1598 675 1630 non
711 1590 846 1629 tanta
882 1578 1192 1650 cadentibus·
1213 1577 1405 1626 Haedis

86 1663 265 1713 aeriam
303 1664 587 1726 Rhodopen
623 1661 780 1711 solida
814 1660 926 1709 nive
962 1660 1184 1708 verberat
1218 1661 1410 1718 Arctos3

87 1761 180 1794 nec
214 1746 373 1808 fragor
406 1743 657 1792 Ausoniae
694 1751 877 1802 tantus,
912 1758 1027 1789 cum
1065 1739 1288 1803 Iuppiter
1323 1739 1460 1788 omni

22 1889 27 1893 μ
86 1841 197 1874 arce
232 1833 384 1884 tonat,
421 1833 557 1872 tanta
592 1823 808 1887 quatitur
842 1839 935 1870 nec
971 1820 1209 1884 grandine
1245 1819 1409 1883 Syrtis,
1661 1842 1744 1882 410

87 1922 202 1955 cum
238 1904 423 1967 Libyae
460 1907 642 1953 Boreas
680 1905 832 1952 Italos
868 1902 1004 1966 niger
1039 1901 1201 1949 attulit
1236 1900 1418 1949 imbris.

87 1988 334 2036 exclusere
370 1985 503 2034 diem
539 1984 661 2045 telis,
700 1993 830 2033 stant
865 1985 1018 2032 ferrea
1054 1984 1192 2031 caelo

88 2066 270 2126 nubila,
308 2083 401 2115 nec
436 2065 606 2114 iaculis
642 2073 824 2112 artatus
861 2063 1037 2112 sufficit
1072 2066 1166 2111 aer.

87 2146 139 2196 hi
174 2160 380 2210 pereunt
415 2145 589 2206 missis,
626 2145 696 2193 illi
731 2144 1053 2194 redeuntibus
1089 2143 1255 2204 hastis,

88 2235 385 2276 concurrunt
418 2243 506 2290 per
539 2226 685 2274 inane
722 2228 869 2274 sudes
906 2234 954 2274 et
991 2234 1161 2273 mutua
1196 2226 1410 2288 perdunt
1657 2246 1740 2286 415

87 2310 300 2367 vulnera,
339 2316 636 2356 concurrunt
671 2308 854 2368 hastae,
894 2305 1150 2356 stridentia
1185 2307 1369 2354 fundae

86 2405 202 2438 saxa
235 2390 424 2452 pluunt,
463 2390 684 2437 volucres
720 2387 972 2436 imitantur
1006 2389 1197 2450 fulgura
1231 2388 1436 2451 glandes

64 2479 136 2518 ret
170 2469 510 2518 formidandae
546 2485 648 2517 non
685 2486 784 2517 una
820 2477 977 2518 morte
1013 2468 1230 2532 sagittae.

140 2611 220 2648 392
250 2610 442 2648 corporae
465 2597 533 2650 (ex
554 2598 749 2648 corpora)
771 2597 810 2647 Q
972 2598 1105 2636 mixta
1123 2597 1172 2635 N
1340 2610 1420 2647 393
1450 2597 1660 2637 inbuerint
1678 2597 1740 2636 P2

0 2647 1 2704 l
86 2664 167 2703 394
197 2652 349 2691 tollunt
371 2654 473 2702 (que
489 2654 596 2701 om.)
617 2652 664 2690 N
719 2652 968 2702 equitesque
987 2651 1056 2691 P:
1085 2652 1352 2701 equitemque
1367 2651 1436 2690 ωδ
1505 2652 1686 2702 fatigant
1704 2652 1743 2702 Q

87 2716 168 2757 4⁰0
198 2707 364 2744 firmant
383 2705 480 2756 NQ¹
503 2705 597 2745 Cod.
621 2705 763 2757 Magd.
787 2707 826 2744 A
926 2718 1006 2756 403
1036 2706 1151 2744 nullo
1170 2704 1213 2743 P
1319 2717 1397 2755 404
1426 2712 1586 2745 armato
1606 2707 1741 2745 Barth

86 2773 164 2811 417
196 2762 327 2799 fluunt
358 2760 412 2809 9²
604 2762 683 2807 418
710 2760 933 2800 midandae
962 2760 1006 2798 P
1035 2764 1188 2812 (marg.
1225 2772 1293 2801 rec.
1334 2774 1391 2801 m.
1430 2760 1738 2813 formidandae)

86 2820 220 2855 morte
237 2813 363 2854 PBN
378 2828 387 2854 :
416 2815 457 2854 in
479 2819 616 2854 morte
633 2813 756 2864 DQS
