1884 3204
943 102 1354 151 THEBAIDOS
1391 104 1606 151 LIBER
1642 105 1715 151 IV

71 250 228 295 versat
261 257 419 302 onus3
464 241 654 303 squalet
687 238 863 302 triplici
897 255 1090 287 ramosa
1123 255 1307 288 corona

38 350 42 361 v
75 324 247 386 Hydra
281 337 448 371 recens
484 319 655 369 obitu:
702 335 812 382 pars
847 318 1090 381 anguibus
1125 336 1297 382 aspera
1331 318 1451 368 vivis

72 411 271 467 argento
305 403 490 450 caelata
524 399 686 459 micat,
724 415 834 462 pars
869 403 1001 451 †arte
1037 404 1258 462 reperta†
1644 415 1719 461 170

73 481 298 533 conditur
331 489 379 530 et
412 482 546 529 fulvo
582 479 796 528 moriens
831 478 1058 542 nigrescit
1093 479 1143 527 in
1178 496 1298 528 auro
1314 497 1328 539 3

72 563 253 614 circum
288 560 446 610 amnis
481 569 680 624 torpens
715 570 764 608 et
797 562 924 609 ferro
960 562 1152 608 caerula
1189 562 1360 608 Lerna.

37 665 42 668 ·
67 650 122 692 at
154 643 357 691 laterum
393 649 572 689 tractus
609 640 921 703 spatiosaque
955 648 1156 703 pectora
1190 649 1348 688 servat

71 720 240 772 nexilis
274 720 532 769 innumero
567 720 831 782 chalybum
866 719 1144 769 subtemine
1176 721 1361 779 thorax,

73 802 383 860 horrendum,
422 818 524 850 non
560 800 726 849 matris
761 817 917 864 opus;
963 802 1229 864 galeaeque
1265 817 1470 850 corusca
1648 817 1723 862 175

59 882 316 948 'prominet
350 899 460 931 arce
494 882 626 946 gigas
643 900 657 942 3
702 890 851 944 atque
887 881 973 930 uni
1010 881 1204 931 missilis
1239 881 1309 930 illi

73 962 276 1026 cuspide
310 963 523 1025 praefixa
557 971 651 1011 stat
686 961 942 1011 frondibus
979 962 1099 1011 orba
1134 979 1406 1026 cupressus.

39 1110 42 1111 ⁷
73 1042 187 1093 huic
221 1059 389 1106 parere
423 1042 539 1103 dati,
577 1059 702 1106 quos
737 1042 905 1091 fertilis
940 1042 1272 1106 Amphigenia

74 1125 318 1188 planaque
356 1125 588 1172 Messene
624 1132 950 1186 montosaque
986 1124 1138 1172 nutrit
1174 1126 1385 1183 Ithome,

51 1203 200 1267 'quos
235 1206 437 1266 Thryon
474 1213 523 1253 et
558 1204 762 1253 summis
798 1203 1042 1268 ingestum
1079 1204 1332 1253 montibus
1368 1206 1523 1267 Aepy,
1649 1213 1727 1252 180

74 1300 198 1347 quos
236 1285 394 1333 Helos
430 1293 478 1333 et
514 1286 733 1344 Pteleon,
773 1284 950 1333 Getico
985 1300 1111 1347 quos
1147 1283 1311 1332 flebile
1347 1283 1445 1332 vati

77 1363 300 1424 Dorion;
346 1364 427 1412 hic
462 1366 611 1413 fretus
647 1366 819 1413 doctas
854 1363 1040 1413 anteire
1075 1366 1303 1413 canendo

71 1444 293 1495 Aonidas
327 1453 491 1493 mutos
526 1443 786 1506 Thamyris
819 1446 1082 1493 damnatus
1117 1444 1168 1492 in
1202 1461 1360 1493 annos

74 1541 157 1574 ore
192 1524 336 1574 simul
370 1524 653 1587 citharaque
689 1523 820 1589 (quis
856 1524 1002 1573 obvia
1035 1524 1241 1573 numina
1274 1533 1463 1573 temnat
1482 1524 1523 1589 P)

75 1605 310 1655 conticuit
343 1621 591 1668 praeceps,
629 1603 714 1667 qui
748 1621 851 1653 non
886 1604 1154 1654 certamina
1184 1605 1375 1654 Phoebi
1649 1615 1726 1665 185

75 1694 242 1734 nosset
275 1694 323 1735 et
358 1684 572 1734 inlustris
608 1687 779 1753 Satyro
814 1687 1065 1749 pendente
1101 1687 1357 1736 Celaenas.

143 1767 350 1829 Iamque
385 1775 434 1815 et
470 1764 654 1814 fatidici
690 1782 830 1814 mens
866 1775 1142 1829 expugnata
1177 1766 1356 1815 fatiscit

11 1894 15 1898 .
76 1845 304 1910 auguris‚·
349 1845 429 1895 ille
465 1845 667 1910 quidem
704 1862 845 1895 casus
881 1855 930 1895 et
965 1846 1070 1895 dira
1104 1846 1304 1895 videbat

77 1926 227 1990 signa,
265 1928 353 1976 sed
387 1926 494 1989 ipsa
529 1943 678 1974 manu
714 1926 967 1975 cunctanti
1001 1926 1232 1976 iniecerat
1260 1944 1396 1976 arma

78 2009 292 2071 Atropos
328 2007 654 2070 obrueratque
689 2008 852 2066 deum,
891 2024 984 2056 nec
1020 2007 1241 2070 coniugis
1276 2009 1458 2057 absunt
1654 2030 1730 2071 190

33 2138 40 2146 ,
78 2086 298 2147 insidiae,
334 2086 585 2150 vetitoque
619 2088 798 2136 domus
833 2086 931 2135 iam
966 2088 1175 2149 fulgurat
1209 2105 1342 2137 auro.

79 2169 176 2216 hoc
210 2184 383 2216 aurum
417 2166 515 2215 vati
550 2169 649 2216 fata
682 2167 874 2216 exitiale
909 2168 1179 2216 monebant

80 2247 311 2311 Argolico
326 2266 340 2309 3
381 2247 471 2297 scit
505 2258 554 2297 et
588 2248 695 2312 ipsa
730 2247 887 2313 (nefas
907 2248 938 2313 1)
975 2250 1062 2298 sed
1098 2251 1284 2312 perfida
1316 2250 1531 2299 coniunx

81 2330 214 2379 dona
247 2328 350 2378 viro
386 2338 573 2378 mutare
608 2328 738 2389 velit,
774 2328 1042 2392 spoliisque
1075 2330 1290 2393 potentis

138 2461 215 2508 169
244 2471 342 2508 pars
372 2465 463 2497 arte
492 2464 660 2507 reperta
688 2459 735 2497 N
921 2473 999 2509 170
1027 2473 1124 2510 pars
1149 2462 1355 2511 anguibus
1382 2474 1535 2512 aspera
1557 2461 1664 2501 vivis
1690 2463 1737 2501 N

62 2513 170 2552 ‘arte
205 2513 396 2564 reperta]
430 2513 506 2551 ‘ab
542 2513 750 2552 Hercule’
784 2513 904 2554 schol.
941 2515 1009 2564 Q:
1047 2527 1222 2554 recurva
1253 2514 1528 2557 Lachmann:
1574 2522 1733 2556 retorta

30 2601 32 2603 ,
80 2566 264 2614 Mueller,
278 2567 382 2616 fort.
405 2579 503 2617 pars
521 2567 653 2606 altera
672 2572 846 2616 reptans
872 2569 1074 2617 (confusis
1098 2574 1224 2622 repta
1242 2574 1280 2608 et
1296 2569 1530 2622 repta[ns])
1658 2583 1728 2621 171

80 2620 282 2671 nigrescit
298 2620 401 2659 PA2
420 2634 428 2658 :
473 2621 653 2670 ignescit
671 2620 880 2671 BKNQS
896 2636 905 2660 ε
934 2622 1124 2672 pallescit
1142 2623 1246 2662 ΒΑι
1366 2627 1549 2674 175—176
1567 2626 1732 2675 galeae-

80 2687 160 2725 que
180 2704 190 2714 .
215 2704 225 2714 .
248 2702 258 2713 .
282 2687 378 2714 arce
404 2674 518 2713 codd.
545 2675 642 2726 (nisi
671 2680 763 2713 arte
791 2675 856 2726 A)
888 2676 1003 2726 quod
1026 2678 1180 2716 retinui
1204 2677 1286 2717 coll.
1325 2677 1424 2719 Sen.
1460 2678 1602 2731 Oedip.
1637 2680 1729 2729 185,

84 2727 229 2768 Claud.
246 2728 367 2767 cons.
381 2727 498 2769 Hon.
511 2729 564 2767 iv.
580 2740 659 2778 235
680 2742 690 2767 z
719 2729 920 2779 galeaque
934 2742 1112 2770 corusca
1127 2737 1218 2770 arte
1234 2732 1411 2783 Bentley,
1426 2732 1503 2771 alii
1513 2733 1598 2773 alia
1657 2747 1733 2783 179

81 2790 354 2832 montosaque
369 2782 434 2822 P:
461 2789 743 2832 montanaque
762 2788 842 2824 cett.
930 2783 1091 2833 ithyme
1111 2785 1154 2823 P
1244 2787 1321 2824 180
1339 2787 1434 2840 ephi
1452 2787 1495 2826 P
1511 2801 1520 2826 ε
1549 2800 1676 2838 epym
1697 2788 1735 2827 S

86 2837 156 2875 181
186 2836 310 2888 quos]
331 2837 445 2887 quod
463 2835 506 2874 P
633 2838 708 2887 183
736 2838 888 2876 multos
907 2838 1034 2888 codd„
1052 2852 1152 2880 corr.
1175 2838 1407 2880 Gronovtus
1537 2854 1611 2892 193
1640 2854 1732 2892 ipse

83 2889 207 2942 codd,
228 2903 328 2933 corr.
348 2890 637 2941 Sandstroem,
658 2891 913 2944 interpunxit
932 2891 1108 2932 W’lkins
1119 2893 1174 2947 (3)
