1884 3204
973 101 1383 150 THEBAIDOS
1420 103 1634 152 LIBER
1672 106 1748 153 IX

98 241 294 306 iamque
327 255 536 299 umerOS‚
574 237 671 287 iam
707 240 835 287 colla
869 237 1009 287 ducis
1046 238 1246 287 sinuosa
1280 255 1461 302 vorago

59 355 63 365 ·
95 321 292 374 circuit:
339 319 420 370 hic
454 322 655 369 demum
692 318 848 367 victus
885 334 1112 382 suprema
1147 318 1285 367 fateri
1667 342 1744 381 505

97 404 361 459 exclamat:
412 399 679 450 ‘Fluvione
715 397 890 463 (pudet
910 398 959 462 l),
995 400 1130 447 Mars
1167 398 1348 459 inclite,
1387 399 1564 463 mergis

18 540 21 541 ⁷
95 485 221 534 hanc
254 481 507 531 animam?
547 478 809 543 segnisque
844 480 979 527 lacus
1015 487 1064 527 et
1099 487 1271 542 stagna
1306 479 1486 529 subibo

94 579 184 615 ceu
219 561 408 626 pecoris
443 569 623 620 custOS,
661 558 812 608 subiti
852 558 1079 608 torrentis
1114 558 1323 622 iniquis

54 668 62 674 ³
92 643 387 706 interceptus
421 640 597 704 aquis?
641 641 835 689 adeone
870 640 1167 689 occumbere
1202 641 1328 688 ferro

53 720 192 775 finon
228 722 446 772 merui?’
492 722 693 770 tandem
729 720 955 784 precibus
991 729 1242 769 commota
1277 723 1559 772 Tonantem
1666 744 1746 786 510

93 806 221 857 Iuno
255 803 419 852 subit:
471 807 482 829 ‘
503 803 737 864 Quonam
774 801 992 861 miseros,
1031 810 1162 850 sator
1196 800 1364 850 inclite
1400 802 1584 864 divum,

75 883 368 945 Inachidas,
407 900 626 947 quonam
662 899 820 946 usque
854 883 1085 945 premes?
1131 882 1229 930 iam
1266 885 1426 932 Pallas
1462 894 1511 933 et
1546 885 1653 935 odit

90 967 272 1031 Tydea,
310 964 408 1012 iam
443 973 582 1028 rapto
618 972 875 1012 tacuerunt
909 979 1092 1026 augure
1126 963 1340 1027 Delphi:

90 1063 153 1098 en
177 1062 325 1094 meus
363 1045 742 1108 Hippomedon,
778 1043 858 1092 cui
893 1043 1052 1107 gentis
1087 1043 1223 1107 origo
1261 1047 1506 1108 Mycenae

47 1114 59 1121 ἡ
93 1125 406 1190 Argolicique
441 1127 564 1174 lares
601 1141 887 1187 numenque
922 1133 1037 1174 ante
1072 1123 1240 1173 omnia
1273 1127 1402 1175 Iuno
1661 1147 1741 1189 515

89 1206 181 1272 (sic
215 1223 306 1270 ego
341 1207 441 1254 fida
476 1204 598 1254 meis
613 1204 670 1270 Ρ),
709 1204 869 1268 pelagi
904 1204 1185 1253 crudelibus
1221 1204 1312 1254 ibit

90 1288 271 1354 praeda
305 1285 458 1335 feris?
504 1294 635 1334 certe
671 1286 887 1333 tumulos
923 1301 1251 1348 supremaque
1286 1285 1426 1334 victis

89 1368 215 1419 iusta
249 1367 402 1417 dabas
427 1384 440 1427 3
486 1365 574 1414 ubi
610 1365 880 1429 Cecropiae
915 1374 1028 1429 post
1062 1365 1247 1428 proelia
1282 1368 1542 1417 flammae?

87 1451 309 1499 Theseos
343 1446 467 1511 ignis
502 1445 589 1495 ubi
625 1447 761 1495 est?'
807 1463 910 1495 non
946 1446 1131 1509 spernit
1166 1446 1389 1511 coniugis
1424 1465 1607 1512 aequas

89 1529 170 1579 ille
203 1544 389 1592 preces,
424 1526 691 1590 leviterque
727 1528 899 1575 oculos
933 1528 999 1575 ad
1035 1526 1233 1577 moenia
1268 1528 1448 1578 Cadmi
1660 1551 1742 1594 520

86 1609 269 1667 rettulit
303 1617 352 1659 et
385 1607 490 1657 viso
525 1609 758 1656 sederunt
792 1606 998 1656 fiumina
1031 1616 1169 1656 nutu.

86 1686 213 1736 illius
248 1701 516 1749 exsangues
551 1683 708 1733 umeri
742 1693 792 1733 et
825 1685 1044 1748 perfossa
1078 1693 1339 1748 patescunt

86 1777 287 1832 pectora
314 1786 323 1816 :
370 1782 461 1815 ceu
496 1764 654 1815 ventis
689 1757 788 1813 alte
823 1781 938 1813 cum
975 1767 1103 1814 elata
1137 1766 1319 1815 resedit

21 1899 26 1902 ,
85 1857 364 1912 tempestas,
402 1855 605 1910 surgunt
642 1845 832 1909 scopuli
868 1845 1189 1908 quaesitaque
1224 1846 1387 1895 nautis

85 1939 224 1989 terra,
261 1937 310 1977 et
345 1928 408 1976 ab
443 1926 632 1975 infestis
668 1927 980 1975 descendunt
1013 1942 1230 1989 aequora
1266 1929 1404 1976 saxis.
1660 1949 1708 1990 52
1716 1949 1741 1992 5

86 2009 208 2074 quid
242 2008 369 2072 ripas
404 2006 620 2056 tenuisse
655 2006 825 2055 iuvat?
871 2006 1049 2070 premit
1084 2007 1306 2071 undique
1342 2007 1516 2058 nimbo

86 2092 294 2140 telorum
331 2087 603 2137 Phoenissa
637 2089 827 2147 cohors,
866 2104 959 2136 nec
995 2087 1212 2151 tegmina
1247 2089 1481 2139 membris

85 2172 197 2231 ulla,
237 2168 498 2232 omnisque
532 2177 667 2232 patet
702 2170 802 2217 leto
818 2187 832 2229 ;
879 2177 997 2217 tunc
1033 2171 1234 2218 vulnera
1270 2180 1486 2231 manant,

85 2251 270 2316 quique
306 2250 399 2299 sub
433 2266 580 2298 amne
615 2248 700 2298 diu
737 2249 923 2313 stupuit
957 2266 1083 2310 ruor,
1120 2253 1232 2299 aere
1267 2253 1405 2300 nudo

86 2332 288 2382 solvitur
323 2339 371 2380 et
406 2330 567 2379 tenuis
602 2346 838 2378 venarum
873 2332 1001 2379 laxat
1036 2330 1212 2391 hiatus,
1658 2354 1739 2394 530

85 2412 356 2476 incertique
390 2411 560 2460 labant
594 2412 836 2460 undarum
874 2428 902 2460 e
936 2411 1112 2475 frigore
1145 2429 1351 2476 gressus.

67 2493 380 2561 procumbit,
421 2491 598 2542 Getico
634 2491 791 2556 qualis
826 2492 1107 2556 procumbit
1142 2493 1193 2542 in
1231 2495 1431 2543 Haemo

139 2647 220 2687 505
248 2634 397 2675 circuit
413 2632 506 2673 DN
519 2648 528 2673 ε
557 2634 746 2673 circumit
766 2633 924 2685 PBQS
1002 2634 1072 2674 hic
1095 2633 1314 2686 (suprascr.
1332 2636 1463 2689 hunc)
1481 2636 1526 2676 D
1658 2642 1740 2689 506

85 2691 243 2741 mergis
262 2689 330 2728 P:
359 2701 528 2738 merges
547 2688 615 2727 ωδ
773 2699 852 2739 515
881 2694 1025 2740 patres
1046 2689 1086 2739 Q
1274 2692 1354 2740 518
1382 2692 1493 2731 iusta
1511 2686 1740 2734 Heinsiusz

83 2745 207 2786 busta
224 2742 334 2784 codd.
447 2742 669 2793 cecopriae
687 2741 730 2780 P
885 2755 966 2795 519
995 2743 1188 2784 Theseus
1206 2743 1255 2782 N
1411 2757 1494 2796 523
1524 2746 1636 2786 elata
1668 2747 1733 2787 P:

86 2800 183 2859 flata
211 2814 241 2839 ω
429 2808 506 2848 531
530 2810 554 2837 e
572 2796 640 2835 P:
669 2809 750 2837 om.
771 2796 840 2837 mS
1042 2809 1122 2848 532
1151 2798 1277 2838 ietico
1297 2799 1344 2838 N
1447 2800 1627 2841 haemon
1644 2801 1688 2840 P
