1794 3146
487 405 638 472 AD
735 408 884 476 TH
906 411 968 478 E
992 412 1344 520 BAIDA

611 563 1206 638 PRAEFATIO

74 773 85 785 ’“
148 775 393 823 CODICVM
418 778 705 830 Thebaidos
730 790 865 832 tanta
889 793 962 833 est
986 786 1252 838 multitudo
1277 799 1330 839 ut
1355 790 1457 840 iure
1476 792 1735 856 suspiceris

82 854 230 916 pluris
281 873 367 919 per
408 859 622 909 mediam
660 871 872 913 aetatem
920 865 1140 917 librarios
1187 886 1334 932 quam
1383 889 1469 936 per
1515 884 1732 923 nostram

83 932 287 982 lectores
322 935 477 985 Statio
515 939 790 1003 contigisse.
866 944 926 991 In
973 946 1075 994 duo
1115 956 1280 996 autem
1317 967 1496 1013 genera
1537 954 1732 1016 penitus

79 1012 270 1064 diversa
293 1017 477 1065 cadunt
502 1018 610 1068 libri
636 1037 822 1071 omnes.
895 1025 1109 1075 Alterius
1133 1030 1323 1090 generis
1349 1031 1550 1081 unicum
1577 1045 1732 1084 exstat

78 1097 356 1157 exemplum
393 1099 672 1149 Puteaneus
697 1101 778 1151 ille
807 1106 979 1165 codex,
1005 1107 1202 1157 alterius
1231 1110 1494 1174 imaginem
1516 1115 1727 1177 optime,

77 1182 130 1222 ut
175 1173 354 1236 iudico,
416 1179 694 1242 exprimunt
740 1183 785 1231 ei
838 1184 946 1232 libri
1005 1203 1129 1249 quos
1188 1189 1357 1239 litteris
1414 1194 1735 1257 BDKNQS

76 1253 300 1318 insignivi
316 1257 346 1307 ¹.
418 1260 563 1308 Haec
600 1263 702 1310 duo
726 1279 905 1325 genera
939 1268 1004 1314 ad
1028 1284 1182 1316 unum
1208 1277 1374 1319 tamen
1407 1275 1724 1338 archetypum

75 1337 282 1385 redeunt
311 1340 447 1401 quod
469 1362 506 1388 π
529 1341 812 1392 nominabo.
876 1347 1028 1407 Quod
1051 1351 1371 1414 archetypum
1404 1357 1550 1416 quale
1584 1358 1727 1406 fuerit

77 1415 383 1479 aliquatenus
408 1419 627 1471 divinare
651 1422 779 1474 licet.

142 1497 336 1547 Litteris
372 1510 474 1549 erat
504 1524 541 1550 π
573 1502 860 1555 minusculis
896 1518 1130 1569 exaratUS‚
1160 1515 1370 1574 saeculo,
1399 1525 1453 1564 ut
1488 1518 1721 1582 suspicor,

72 1586 260 1628 octavo.
334 1582 597 1646 Exemplar
618 1594 784 1634 autem
810 1589 944 1638 unde
969 1589 1074 1652 ipse
1098 1593 1371 1657 descriptus
1390 1606 1492 1646 erat
1512 1598 1670 1662 (quod
1683 1610 1725 1663 p

74 1674 249 1708 vocare
280 1660 414 1726 licet)
456 1663 715 1727 capitalem
749 1668 1013 1734 exhibebat
1054 1672 1320 1736 scripturae
1355 1678 1576 1739 formam,
1622 1691 1724 1730 erat

74 1754 188 1802 ergo
203 1749 317 1789 ante
333 1752 522 1792 sextum
539 1749 790 1796 saeculum
810 1760 1056 1801 exaratus
1099 1755 1177 1803 De
1180 1764 1222 1817 p
1237 1755 1359 1805 nihil
1374 1760 1584 1823 amplius
1603 1764 1724 1810 affir-

72 1835 203 1869 mare
217 1821 389 1872 ausim.
431 1826 510 1873 De
527 1827 692 1876 vlieet
707 1830 846 1891 plura
862 1830 1040 1881 dicere.
1078 1835 1382 1887 Continebat
1397 1848 1446 1888 et
1461 1842 1722 1893 Thebaida

73 1908 122 1948 et
145 1901 422 1952 Achilleida
446 1914 494 1954 et
519 1906 719 1970 singulis
748 1910 937 1973 paginis
962 1900 1172 1964 tricenos
1197 1918 1296 1967 fere
1321 1936 1487 1969 versus
1512 1922 1719 1987 scriptos

71 1996 178 2030 esse
202 1983 457 2044 probabile
489 1996 575 2035 est.
649 1990 849 2052 Sparsas
881 1993 1096 2043 habebat
1131 1999 1345 2059 glossas:
1382 2003 1471 2050 sed
1498 2004 1718 2065 plurimis

67 2059 117 2108 in
153 2062 272 2111 locis
308 2064 462 2114 varias
503 2067 739 2118 lectiones
774 2070 901 2120 inter
937 2073 1089 2124 lineas
1130 2079 1398 2143 adscriptas
1434 2085 1714 2145 praebebat.

71 2141 315 2192 Lactantii
374 2147 768 2199 Commentarios
827 2152 878 2201 in
925 2156 1142 2220 margine
1189 2181 1226 2207 π
1274 2162 1526 2222 exstitisse,
1580 2169 1716 2228 quod

65 2221 361 2284 quibusdam
395 2228 569 2288 placet,
597 2230 829 2292 equidem
862 2251 962 2283 non
999 2238 1186 2298 proboq
1206 2256 1208 2258 ’
1233 2224 1409 2291 Vtrum
1433 2266 1470 2292 π
1493 2242 1556 2293 an
1568 2254 1611 2308 p
1635 2246 1720 2296 ille·

69 2303 254 2351 ‘codex
280 2305 458 2354 Iuliani
483 2309 574 2358 VC
592 2310 603 2331 ⁷
626 2311 769 2360 fuerit
793 2314 1014 2365 dubium.
1045 2334 1047 2337 ·
1088 2318 1138 2366 Si
1162 2337 1277 2370 vero
1302 2323 1436 2372 hunc
1462 2325 1716 2376 Iulianum.

63 2379 196 2430 illum
232 2401 339 2434 esse
371 2403 536 2437 sumas
565 2390 650 2453 qui
686 2392 920 2442 Prisciani
956 2397 1202 2449 familiaris
1239 2412 1353 2464 erat,
1390 2422 1592 2456 necesse
1625 2409 1713 2458 erit

49 2469 92 2525 p
115 2479 345 2516 censeas:
387 2469 474 2516 sed
500 2469 607 2532 ipsa
630 2473 778 2521 verba
803 2475 991 2526 scribae
1016 2480 1254 2531 Puteanei
1281 2483 1351 2547 (in
1388 2487 1487 2536 fine
1519 2488 1628 2537 libri
1665 2490 1713 2538 iv

60 2544 244 2610 Theb.)
267 2548 332 2596 ad
356 2570 392 2596 π
416 2549 580 2612 potius
605 2562 825 2615 spectare
851 2556 972 2605 mihi
997 2560 1228 2622 equidem
1254 2564 1496 2617 videntur.

126 2626 203 2675 De
247 2649 284 2675 π
330 2640 595 2693 prognatus
643 2643 716 2683 est
763 2639 960 2687 saeculo
1001 2657 1136 2690 nono
1178 2655 1388 2696 exeunte
1434 2651 1502 2696 P·
1527 2660 1705 2711 noster,

83 2790 87 2796 ¹
106 2743 120 2768 ¹
149 2746 413 2791 Consensum
447 2755 634 2795 codicum
661 2756 874 2809 BDKNQ
909 2760 1050 2803 littera
1086 2780 1117 2803 ω
1153 2766 1348 2815 significo
1369 2783 1379 2809 τ
1421 2772 1620 2820 quoniam
1654 2776 1708 2814 de

54 2798 301 2843 lectionibus
318 2807 474 2847 codicis
487 2807 534 2861 S,
550 2822 785 2860 quanquam
806 2826 944 2863 paene
964 2829 1136 2868 semper
1149 2832 1240 2859 cum
1253 2822 1466 2875 BDKNQ
1477 2830 1702 2880 consentit,

54 2857 338 2952 pte-rmugisbirli)
352 2860 456 2902 locis
476 2868 587 2903 tacet
609 2865 866 2919 Kohlmann,
886 2882 1025 2920 neque
1047 2872 1140 2923 ipse
1160 2876 1213 2914 ad
1236 2875 1386 2917 librum
1403 2882 1704 2935 excutiendum

53 2918 80 2944 ο
101 2921 182 2948 lum
234 2924 257 2950 a
288 2928 310 2952 e
340 2927 420 2955 am.

862 2995 891 3025 v
1046 2989 1049 2991 ’
1547 3006 1578 3038 Α
1606 3009 1633 3053 3
