1884 3204
766 141 1168 189 PRAEFATIO

134 297 176 329 x.
210 298 229 329 1

206 295 300 410 11312
333 363 456 410 deae
492 359 634 409 iussis
671 362 808 409 vultu
845 376 946 422 quo
983 367 1124 415 nutat
1159 359 1340 408 eodem
1376 361 1429 408 P

204 444 295 491 Ille
331 444 454 491 deae
490 441 633 489 iussis
669 440 877 490 dubium
917 439 1229 503 mixtumque
1263 439 1427 504 sopori
1465 441 1544 489 ωδ

201 522 394 572 Adnuit
428 523 566 571 PwS.

134 622 176 653 x.
206 621 303 667 490

204 687 388 748 Stagna
422 683 548 734 bibit
580 685 702 734 dum
733 685 956 734 Cadmus
991 692 1093 732 erat
1118 685 1239 732 dum
1273 682 1463 733 semina
1495 692 1698 748 surgunt
1721 686 1798 733 P²

203 769 385 830 Stagna
402 765 529 816 bibit
544 767 664 815 dum
686 766 908 815 Cadmus
928 773 1030 814 erat
1046 766 1167 814 dum
1188 763 1316 814 victa
1342 764 1476 814 cadit
1501 765 1690 829 Sphinx
1708 767 1795 821 ωδ.

204 849 398 896 Eodem
446 855 672 911 spectant
712 861 881 895 versus
916 863 958 894 x.
1007 859 1233 908 112—117
1279 845 1364 909 qui
1411 854 1603 896 exstant
1643 845 1696 901 in
1736 847 1796 904 P,

135 929 184 978 in
210 931 291 979 ωδ
321 930 530 978 desuntt
565 945 692 991 quos
717 927 839 975 mihi
864 944 1152 991 persuasum
1178 936 1253 976 est
1276 927 1439 991 ipsum
1465 927 1675 977 Statium
1700 926 1797 976 iam

134 1008 363 1056 confecto
395 1005 612 1070 poemati
650 1004 925 1054 inseruisse.
1000 1006 1066 1054 Et
1098 1004 1434 1054 coniecturam
1470 1022 1563 1069 ego
1601 1013 1799 1054 secutus

133 1105 281 1151 quam
330 1103 528 1136 mecum
575 1085 960 1135 communicavit
993 1087 1244 1135 Iohannes
1286 1085 1584 1146 Phillimore,
1633 1085 1706 1134 vir
1736 1086 1801 1134 de

135 1169 291 1218 Statio
332 1168 383 1217 in
426 1167 569 1218 Silvis
611 1166 800 1231 optime
838 1166 1055 1227 meritus,
1096 1168 1308 1217 fidenter
1348 1166 1601 1216 statuerim
1643 1175 1799 1215 totam

134 1252 345 1300 duorum
376 1265 612 1313 generum
649 1247 1032 1312 discrepantiam
1075 1265 1163 1311 per
1199 1247 1513 1312 hypothesim
1549 1248 1799 1297 secundae

136 1331 393 1381 cuiusdam
428 1328 660 1379 editionis
697 1330 762 1378 ab
800 1328 910 1392 ipso
950 1328 1106 1378 Statio
1147 1328 1410 1378 incohatae
1451 1327 1681 1391 explicari
1718 1329 1800 1378 de-

131 1414 262 1462 bere.
316 1411 517 1475 Quippe
543 1410 583 1459 si
601 1410 766 1473 Praefi
795 1411 917 1459 St'lv.
944 1409 1005 1460 iv.
1033 1412 1091 1458 18
1111 1411 1336 1459 conferas
1360 1409 1581 1459 invenies
1599 1418 1799 1472 poetam

132 1493 392 1557 epistolam
417 1491 586 1542 nescio
619 1508 769 1555 quam
794 1507 1185 1541 commemorare
1210 1507 1359 1554 quam
1384 1492 1449 1540 ad
1468 1489 1688 1550 Vibium,
1714 1489 1796 1550 ait,

131 1579 145 1601 ‘
161 1578 217 1624 de
244 1576 444 1623 editione
474 1574 736 1622 Thebaidos
762 1589 890 1621 meae
906 1573 1185 1635 publicavi!
1255 1560 1518 1621 Thebaida
1546 1570 1797 1632 recitabat,

131 1656 384 1706 recitatam
427 1653 809 1719 ‘particulatim'
849 1653 1055 1702 librariis
1091 1654 1337 1703 credebat.
1372 1664 1376 1668 ⁴
1412 1654 1658 1703 Confecto
1692 1661 1801 1702 toto

133 1754 282 1802 opere
346 1753 475 1800 quae
532 1734 860 1799 particulatim
919 1734 1142 1784 ediderat
1204 1734 1394 1783 auctori
1452 1732 1797 1798 displicebant.

131 1821 144 1844 ‘
161 1820 365 1867 Adbuc'
388 1817 549 1880 inquit
575 1815 764 1883 (Praef.
785 1817 904 1866 Silv.
926 1816 942 1864 i
968 1816 1021 1882 6)
1048 1820 1059 1841 ‘
1062 1825 1162 1879 pro
1187 1817 1419 1865 Thebaide
1444 1832 1560 1875 mea,
1580 1816 1802 1879 quamvis

130 1916 201 1947 me
234 1900 493 1961 reliquerit,
539 1898 708 1946 timeo)
795 1900 864 1946 At
900 1899 1054 1947 semel
1090 1896 1224 1947 edita
1261 1906 1377 1956 erat,
1418 1913 1605 1960 perque
1640 1895 1798 1944 virum

131 1997 216 2029 ora
262 1979 409 2028 nimis
449 1979 559 2028 viva
595 1978 845 2028 volitabat.
943 1980 1120 2042 Itaque
1177 1980 1243 2028 ad
1299 1994 1483 2027 novam
1526 1976 1798 2027 editionem

130 2061 454 2110 emittendam
479 2059 795 2122 confugiebat
820 2058 1071 2123 Papinius,
1149 2060 1268 2121 Quo
1293 2067 1498 2122 spectat,
1521 2066 1576 2107 ut
1612 2057 1796 2118 divino,

130 2144 266 2206 quod
291 2144 354 2191 ad
388 2143 525 2190 Theb.
553 2139 631 2189 xii.
661 2142 892 2203 812-813
918 2139 1054 2200 dicit,

359 2227 466 2275 Iam
503 2233 634 2274 certe
669 2240 902 2287 praesens
937 2222 1028 2272 tibi
1065 2225 1219 2272 Fama
1253 2222 1526 2287 benignum

199 2307 365 2356 stravit
400 2306 491 2355 iter
526 2305 790 2369 coepitque
827 2321 1007 2353 novam
1041 2313 1313 2354 monstrare
1348 2304 1536 2365 futuris,

131 2388 217 2438 ubi
231 2390 437 2438 verbum
463 2404 635 2436 novam
660 2386 754 2435 nisi
770 2388 834 2436 de
854 2386 1085 2435 secundis
1110 2385 1238 2435 curis
1264 2385 1449 2449 cogites
1476 2402 1623 2448 sensu
1648 2394 1792 2434 caret.

200 2469 432 2533 Suspicor
479 2468 623 2532 igitur
675 2485 767 2517 nos
821 2467 872 2516 in
921 2484 980 2517 ea
1027 2467 1316 2517 recensione
1365 2483 1515 2530 quam
1561 2468 1616 2515 P
1655 2467 1795 2518 offert

131 2553 340 2615 δευτέρας
385 2551 634 2615 φροντίδας
681 2548 822 2598 Statii
862 2550 1075 2598 habere:
1118 2565 1240 2612 quas
1288 2548 1369 2598 ille
1410 2549 1615 2596 fortasse
1656 2546 1801 2596 vivus

130 2651 232 2682 non
258 2632 525 2695 divulgavit
549 2633 637 2680 sed
653 2631 704 2679 in
725 2633 1038 2698 αὐτογράφοις
1056 2630 1265 2694 reliquit.
1332 2629 1426 2693 (Cf.
1451 2629 1568 2679 Birt.
1589 2631 1802 2679 Antikes-

129 2715 436 2782 Bzfchwesem
467 2711 738 2776 349-358.)
1657 2736 1661 2739 »

199 2797 346 2845 Certe
370 2794 421 2842 in
454 2797 708 2843 Puteaneo
734 2793 896 2842 omnis
925 2794 1077 2843 debet
1109 2792 1200 2841 niti
1225 2801 1386 2842 textus
1419 2791 1717 2851 emendatio,
1745 2800 1794 2840 et

131 2894 192 2926 eo
217 2875 370 2940 magis
396 2875 435 2924 si
450 2875 719 2938 probabilis
739 2874 933 2924 videtur
950 2877 1074 2924 haec
1098 2876 1162 2924 de
1187 2874 1374 2938 origine
1399 2874 1503 2922 eius
1521 2873 1792 2922 lectionum

130 2944 359 3021 suspicio.
433 2958 740 3005 Servandum
782 2955 914 3005 enim
955 2955 1280 3019 Euripideum
1310 2954 1433 3004 illud
1463 2956 1527 3004 de
1559 2953 1791 3003 secundis

131 3037 515 3101 cogitationibus
541 3037 743 3085 dictum.
819 3039 916 3086 Sed
943 3037 1178 3100 quoniam
1212 3036 1467 3099 utriusque
1491 3034 1791 3084 recensionis

924 3135 1005 3166 vin
