1884 3204
131 95 185 144 P.
224 94 466 143 ΡΑΡΙΝΙ
503 94 708 143 STATI

129 235 305 284 obvius
339 237 601 285 adversum
639 237 828 285 Boreae
863 237 1027 286 Notus
1061 235 1265 286 abstulit
1299 253 1497 301 aequor.

128 333 265 365 arma
298 316 476 366 iterum
510 316 765 380 furiaeque
800 319 1000 381 placent
1017 335 1031 379 3
1077 320 1178 367 fera
1212 327 1409 382 tempus
1447 317 1622 382 Erinys

128 397 309 462 adripit
343 408 392 447 et
428 398 614 462 primae
651 399 851 449 molitur
887 399 1077 450 semina
1111 416 1320 463 pugnae.

199 480 443 528 Errabant
477 479 704 543 geminae
743 480 953 530 Dircaea
986 482 1052 530 ad
1087 480 1294 529 flumina
1329 479 1489 544 tigres,

131 560 250 609 mite
285 560 468 624 iugum,
508 560 624 610 belli
660 563 917 625 quondam
954 571 1170 620 vas-tator
1207 560 1302 610 Eoi
1710 559 1760 624 5
1779 603 1795 628 ,⁴
1869 581 1872 584 ·

132 658 315 701 currus,
355 641 637 705 Erythraeis
674 644 760 691 sed
799 660 957 706 nuper
991 642 1148 691 victor
1181 642 1247 691 ab
1283 641 1380 692 oris
1755 641 1757 643 ’

133 722 283 772 Liber
317 722 369 771 in
404 722 596 772 Aonios
633 723 829 772 meritas
866 723 1119 773 dimiserat
1153 740 1309 787 agros.

132 805 239 854 illas
275 804 419 853 turba
453 804 536 854 dei
571 804 835 868 seniorque
871 822 931 854 ex
967 822 1104 854 more
1140 807 1371 855 sacerdos

134 884 385 949 sanguinis
420 884 599 934 oblitas
634 894 784 948 atque
822 886 1009 934 Indum
1044 903 1247 950 gramen
1283 884 1461 935 olentis
1781 935 1783 938 Α

133 965 336 1030 palmite
371 975 564 1014 maturo
598 965 842 1029 variisque
877 982 1052 1015 ornare
1086 966 1332 1030 corymbis
1718 972 1761 1029 5*
1797 987 1806 1031 j

134 1056 272 1096 curat
307 1055 356 1096 et
390 1049 580 1095 alterno
617 1049 835 1096 maculas
871 1046 1117 1111 interligat
1153 1056 1301 1097 ostro.

135 1128 334 1191 iamque
368 1127 462 1191 ipsi
497 1130 663 1189 colles,
701 1128 808 1192 ipsa
843 1130 931 1178 has
969 1128 1101 1194 (quis
1137 1130 1304 1179 credat
1318 1127 1360 1194 ?)
1395 1130 1631 1179 amabant

135 1219 372 1270 armenta,
410 1218 561 1273 atque
596 1227 746 1260 ausae
781 1210 966 1260 circum
1005 1210 1194 1274 mugire
1229 1210 1503 1272 iuvencae3

137 1279 322 1355 quippe
357 1290 481 1339 nihil
515 1301 731 1355 grassata
766 1293 955 1341 fames:
1004 1308 1179 1341 manus
1215 1292 1362 1342 obvia
1397 1292 1568 1356 pascit,
1794 1348 1796 1350 ,

137 1381 499 1436 exceptantque
535 1372 675 1422 cibos
711 1375 920 1437 fusoque
956 1375 1204 1423 horrenda
1239 1372 1473 1437 supinant
1725 1372 1808 1437 573}

139 1470 225 1503 ora
261 1470 434 1515 mero3
480 1471 603 1518 vaga
638 1472 748 1504 rure
784 1454 925 1519 quies
942 1474 955 1517 3
1003 1455 1045 1504 si
1081 1456 1285 1519 quando
1321 1455 1539 1519 benigno

139 1535 313 1584 urbem
349 1534 502 1584 iniere
537 1537 706 1599 gradu,
745 1537 926 1585 domus
963 1535 1129 1585 omnis
1164 1545 1214 1586 et
1249 1536 1420 1586 omnia
1455 1536 1606 1586 sacris

140 1618 326 1681 templa
361 1619 536 1677 calent,
575 1617 839 1682 ipsumque
875 1620 999 1668 fides
1036 1618 1242 1667 intrasse
1280 1620 1514 1682 Lyaeum.

140 1700 230 1746 has
265 1697 353 1746 ubi
387 1697 586 1762 vipereo
621 1708 775 1748 tactas
810 1709 884 1748 ter
918 1708 1179 1763 utramque
1214 1701 1409 1763 flagello

144 1778 384 1829 Eumenis
419 1779 471 1827 in
507 1779 655 1830 furias
690 1780 1015 1844 animumque
1050 1780 1209 1830 redire
1243 1781 1457 1844 priorem

143 1860 352 1924 impulit,
392 1870 658 1925 erumpunt
694 1878 796 1910 non
831 1861 1218 1925 agnoscentibus
1253 1861 1394 1926 agris.

143 1959 236 1991 ceu
272 1943 375 1990 duo
410 1940 605 1991 diverso
639 1942 819 2006 pariter
854 1942 895 1990 si
930 1941 1138 1992 fulmina
1171 1945 1311 1992 caelo

145 2031 288 2086 rupta
323 2024 505 2072 cadant
540 2025 847 2087 longumque
882 2025 1077 2073 trahant
1111 2040 1199 2088 per
1233 2023 1406 2074 nubila
1440 2023 1658 2075 crinem:

145 2121 249 2153 non
283 2103 425 2153 aliter
459 2121 605 2153 cursu
642 2103 842 2168 rapidae
877 2114 1027 2168 atque
1063 2104 1281 2154 immane
1316 2107 1581 2155 frementes

146 2185 425 2234 transiliunt
461 2202 664 2249 campos
700 2185 1020 2250 aurigamque
1056 2185 1240 2250 impete
1275 2196 1428 2246 vasto,

147 2266 464 2331 Amphiarae,
504 2276 647 2315 tuum
683 2261 800 2331 (nec
837 2266 996 2316 defuit
1032 2283 1195 2327 omen,
1235 2267 1366 2317 erilis

147 2349 273 2397 forte
308 2347 349 2396 is
382 2347 572 2412 primus
607 2365 764 2411 equos
800 2357 973 2412 stagna
1005 2349 1071 2397 ad
1106 2348 1269 2397 vicina
1304 2350 1551 2413 trahebat)

149 2428 453 2493 corripiunt3
499 2446 615 2478 mox
650 2428 950 2478 Taenarium
989 2428 1097 2493 (qui
1132 2429 1406 2495 proximus>
1445 2431 1573 2480 Idan
1830 2483 1831 2486 ,

151 2513 489 2574 Aetolumque
525 2513 803 2559 Acamanta
838 2520 1104 2575 premunt:
1151 2512 1267 2575 fuga
1302 2520 1441 2560 torva
1475 2528 1563 2575 per
1596 2527 1739 2576 agros
1806 2544 1835 2581 p
1879 2542 1883 2546 ·

206 2642 287 2690 566
315 2641 392 2679 sed
411 2639 479 2679 P:
507 2653 613 2690 quas
633 2639 702 2680 ωδ
829 2642 909 2690 567
939 2640 1188 2688 d—iemiserat
1206 2641 1247 2680 P
1370 2651 1452 2691 572
1482 2641 1602 2692 ipsae
1623 2641 1757 2682 colles
1775 2639 1819 2681 A

152 2707 231 2745 575
261 2700 574 2746 exceptantque
593 2694 659 2734 P:
688 2701 999 2746 expectantque
1018 2694 1086 2735 wS
1193 2696 1310 2735 cibos
1335 2694 1528 2746 PDNQ:
1560 2694 1691 2747 dapes
1703 2695 1789 2736 ΒΚ

153 2752 235 2799 576
263 2763 344 2790 om.
366 2749 421 2789 Β1
442 2764 451 2789 :
482 2750 566 2789 imo
589 2763 726 2802 marg.
748 2750 845 2790 add.
865 2750 923 2790 B²
1099 2751 1181 2800 578
1211 2750 1319 2790 fides
1340 2748 1563 2801 (suprascr.
1589 2750 1762 2803 credas)
1796 2756 1835 2782 θ’

154 2817 236 2854 579
265 2805 414 2843 tacitas
432 2803 476 2842 P
580 2806 658 2855 581
689 2804 804 2854 agris
823 2803 993 2855 Bentley
1010 2817 1030 2845 e
1047 2804 1128 2846 cod.
1154 2819 1164 2844 z
1195 2806 1308 2855 argis
1328 2801 1494 2855 PDNQ
1514 2819 1524 2844 ς
1552 2805 1688 2845 antris
1705 2804 1759 2854 B,
1784 2824 1801 2836 ι.
1820 2814 1829 2843 ι

153 2858 344 2952 Κέᾰηοη
371 2859 499 2909 liquet
651 2859 732 2910 583
760 2859 932 2899 trahunt
955 2859 997 2899 P
1145 2859 1227 2910 588
1256 2860 1362 2899 Idan
1387 2859 1635 2899 Kohlmann
1656 2873 1667 2900 ε
1707 2859 1746 2901 1,·
1766 2877 1771 2891 ψ·
1793 2877 1834 2892 ¹·-

154 2926 197 2952 co
256 2943 266 2953 .
