1884 3204
1013 89 1424 139 THEBAmos
1461 91 1676 139 LIBER
1714 92 1767 139 11
1788 58 1793 65 ’

112 229 348 293 virgineas
383 228 534 278 libare
570 245 737 278 comas
772 228 1056 291 primosque
1090 229 1317 276 solebant
1690 249 1767 288 255

38 351 42 360 .
113 326 342 361 excusare
378 318 523 358 toros.
596 310 779 357 celsam
815 307 1143 357 subeuntibus
1178 325 1340 357 arcem

107 392 160 446 in
193 389 424 454 gradibus
460 388 641 439 summi
677 391 908 451 delapsus
946 388 1164 438 culmine
1199 388 1384 452 templi,

110 472 332 521 Arcados
369 469 587 533 Euhippi
622 469 848 533 spolium,
887 469 1020 518 cadit
1053 486 1224 518 aereus
1259 468 1405 529 orbis,

0 537 2 539 .
41 577 44 580 ⁴
110 550 498 616 praemissasque
532 551 676 609 faces,
714 551 894 599 festum
929 549 1232 599 nubentibus
1267 549 1447 613 ignem,

37 666 41 670 -
110 630 285 691 obruit,
322 647 449 694 eque
482 630 642 693 adytis
677 630 823 679 simul
858 630 1087 679 exaudita
1121 630 1321 679 remotis
1689 639 1768 679 260

109 713 332 761 nondum
367 727 514 760 ausos
549 713 740 760 firmare
775 713 981 774 gradum
1017 711 1138 760 tuba
1170 710 1340 760 terruit
1375 710 1561 774 ingens.

85 781 160 841 ¹in
194 809 356 855 regern
392 792 615 841 conversi
651 809 825 842 omnes
860 791 1124 842 formidine
1159 791 1328 855 prima,

58 905 61 908 -
109 889 224 922 mox
256 872 454 922 audisse
488 883 704 936 negant3
750 882 958 923 cunctos
983 882 1151 922 tamen
1187 872 1356 922 omina
1390 890 1551 922 rerum

107 951 214 1004 dira
247 962 462 1013 movent,
499 953 743 1017 variisque
779 963 969 1003 metum
1005 953 1316 1003 sermonibus
1351 963 1547 1017 augent.

107 1050 200 1083 nec
235 1033 444 1082 mirum:
492 1051 608 1083 narn
644 1044 749 1083 turn
786 1034 1025 1083 infaustos
1061 1036 1282 1084 donante
1317 1035 1493 1084 marito
1690 1043 1768 1095 265

39 1116 41 1118 ’
108 1124 320 1174 ornatuS,
360 1114 523 1179 Argia,
560 1115 686 1178 geris
722 1115 985 1178 dirumque
1021 1115 1206 1164 monile

108 1195 429 1245 Harmoniae.
500 1198 646 1259 longa
681 1206 755 1245 est
790 1189 937 1245 series
973 1198 1061 1245 sed
1098 1205 1217 1245 nota
1251 1198 1524 1245 malorum:

106 1293 370 1341 persequar
404 1278 539 1325 unde
573 1276 714 1326 novis
751 1286 851 1325 tarn
887 1293 1032 1326 saeva
1066 1277 1289 1339 potentia
1322 1277 1484 1326 donis.

173 1357 410 1406 Lemnius
445 1358 582 1417 haec,
621 1366 675 1406 ut
709 1356 869 1420 prisca
902 1359 1040 1417 fides,
1081 1357 1326 1406 Mavortia
1358 1359 1563 1421 longum

106 1440 231 1488 furta
265 1440 455 1497 dolens,
493 1446 640 1500 capto
675 1447 941 1501 postquam
976 1437 1046 1485 nil
1080 1438 1246 1486 obstat
1279 1438 1436 1487 amori
1688 1458 1769 1501 270

105 1536 267 1584 poena
301 1536 394 1568 nec
428 1518 625 1567 ultrices
659 1518 957 1582 castigavere
991 1527 1213 1580 catenae,

106 1599 413 1649 Harmoniae
447 1601 614 1649 dotale
647 1601 801 1649 decus
837 1601 930 1649 sub
965 1601 1075 1649 luce
1107 1600 1258 1663 iugali

105 1690 352 1731 struxerat.
424 1681 536 1740 hoc,
573 1680 709 1730 docti
743 1697 1047 1744 quamquam
1083 1681 1282 1742 maiora,
1320 1682 1546 1731 laborant

107 1764 366 1826 Cyclopes,
393 1761 599 1825 notique
634 1751 840 1824 operum
877 1761 1143 1811 Telchines
1177 1762 1339 1811 amica

104 1843 326 1893 certatim
361 1842 526 1892 iuvere
561 1859 746 1902 manu3
787 1844 875 1892 sed
910 1842 1149 1906 plurimus
1184 1843 1278 1907 ipsi
1686 1862 1765 1906 275

105 1925 268 1974 sudor.
339 1923 410 1972 ibi
442 1940 624 1972 arcano
659 1923 877 1972 florentis
912 1923 1026 1987 igne
1060 1926 1347 1988 zmaragdos

106 2003 258 2068 cingit
291 2013 342 2053 et
375 2003 612 2052 infaustas
646 2020 935 2066 percussum
969 2006 1235 2054 adamanta
1270 2007 1447 2069 figuras

107 2089 497 2150 Gorgoneosque
531 2084 664 2134 orbis
700 2085 963 2149 Siculaque
999 2086 1182 2136 incude
1216 2087 1412 2137 relictos

104 2166 322 2218 fulminis
357 2165 560 2216 extremi
593 2166 784 2215 cineres
818 2166 1129 2230 viridumque
1164 2169 1437 2216 draconum

105 2247 314 2298 lucentis
347 2264 378 2295 a
412 2249 573 2296 fronte
606 2246 748 2296 iubas
764 2265 781 2307 ,·
825 2246 906 2297 hic
939 2247 1106 2297 flebile
1137 2265 1341 2312 germen
1682 2260 1763 2299 280

159 2379 239 2427 256
266 2377 402 2416 aulam
431 2375 502 2415 N:
530 2376 667 2414 aulam
692 2376 849 2424 (arcem
870 2377 1095 2428 suprascr.)
1116 2377 1160 2416 D
1323 2391 1401 2428 257
1431 2377 1634 2429 delapsus
1661 2378 1762 2418 ΡΑ2

103 2431 297 2480 Bentley:
325 2431 544 2480 delapsum
575 2428 707 2468 A¹aeS
864 2433 943 2480 265
973 2439 1061 2470 tum
1088 2430 1157 2471 P:
1186 2436 1258 2484 tus
1286 2431 1335 2471 N
1495 2435 1573 2482 267
1603 2432 1640 2472 si
1662 2440 1763 2473 nota

57 2516 61 2517 γ
105 2485 203 2526 Cod.
224 2485 369 2535 Magd.
393 2489 431 2523 et
459 2483 619 2523 Monac.
643 2486 776 2534 6396:
809 2491 850 2524 et
881 2491 983 2523 nota
1001 2486 1212 2525 Baehrens
1420 2488 1502 2526 268
1529 2487 1766 2528 damnabat

104 2539 353 2579 Lachmann
534 2541 616 2587 269
644 2538 849 2578 Lemnius
878 2539 985 2579 haee
1013 2546 1059 2578 ut
1089 2541 1175 2591 (est
1201 2547 1292 2593 sup.
1324 2548 1370 2581 ut
1397 2544 1494 2595 scr.)
1525 2543 1666 2591 prisca
1693 2542 1760 2582 N:

26 2603 28 2606 ’
107 2593 306 2634 Lemnius
335 2598 402 2632 est
432 2592 557 2639 (haec
584 2598 676 2643 sup.
708 2599 774 2631 est
801 2594 898 2642 scr.)
928 2600 974 2632 ut
1003 2595 1144 2644 prisca
1163 2594 1208 2633 D
1320 2602 1384 2634 est
1415 2601 1461 2634 ut
1486 2595 1528 2633 A
1553 2596 1763 2635 Baehrens

103 2649 184 2698 276
211 2647 386 2699 arcano]
410 2647 676 2686 Lactantt'um
696 2648 771 2696 qui
789 2649 1033 2697 ‘glaucum’
1055 2650 1349 2700 interpretatur
1371 2650 1521 2689 incano
1550 2663 1762 2700 agnoscere

101 2703 286 2753 suspicor
453 2713 531 2751 277
562 2701 700 2751 pingit
729 2702 849 2750 (corr.
881 2703 923 2740 in
954 2703 1085 2752 cingit
1111 2705 1165 2743 al.
1190 2704 1271 2755 m.)
1304 2704 1369 2753 Q:
1409 2705 1532 2753 ungit
1559 2703 1762 2744 Heinsius

101 2755 311 2796 infaustae
341 2784 352 2796 .
385 2784 395 2794 .
429 2785 439 2794 .
473 2755 633 2804 figurae
662 2754 890 2795 Heinsius:
928 2757 1125 2796 infaustis
1156 2789 1165 2797 .
1194 2787 1206 2798 .
1241 2789 1248 2797 .
1281 2758 1429 2807 figuris
1448 2759 1533 2800 L.‘.²
1563 2759 1653 2798 vide
1675 2765 1756 2799 not.

101 2823 182 2862 279
211 2809 400 2850 hesterni
419 2809 621 2848 Heinsius
729 2810 959 2850 draconem
981 2814 1024 2863 (a
1043 2818 1135 2864 sup.
1159 2814 1245 2864 em)
1267 2811 1316 2851 N
1601 2869 1652 2908 3*
