1884 3204
997 63 1484 114 ACHILLEIDOS
1522 65 1739 112 LIBER
1765 64 1791 112 Ι

129 202 252 252 ferre
286 202 742 265 trabesgratosque
777 202 874 251 deo
908 211 1153 265 praestare
1187 204 1386 252 furores.

130 283 207 331 lex
240 284 411 346 procul
446 282 514 331 ire
549 299 738 331 mares:
784 281 924 331 iterat
959 293 1221 346 praecepta
1256 285 1500 333 verendus

128 364 317 422 ductor,
355 362 762 426 inaccessumque
795 362 908 411 viris
944 362 1152 412 edicitur
1185 374 1394 414 antrum.

127 460 221 493 nec
256 443 371 492 satis
407 453 513 493 est:
560 453 655 492 stat
690 445 789 493 fine
825 445 942 493 dato
978 446 1247 494 metuenda
1275 446 1504 495 sacerdos
1709 452 1790 494 600

127 526 444 588 exploratque
477 524 655 585 aditus,
693 541 756 574 ne
792 524 902 588 quis
938 533 1200 574 temerator
1236 527 1430 576 oberret

125 605 320 669 agmine
354 605 599 655 femineo:
648 605 824 654 tacitus
860 605 955 655 sibi
990 605 1092 654 risit
1128 606 1362 656 Achilles.

123 685 261 735 illum
296 687 540 751 virgineae
574 688 841 736 ducentem
877 686 1015 750 signa
1049 696 1272 737 catervae

123 783 400 831 magnaque
434 767 622 819 difficili
656 770 929 817 solventem
964 769 1194 818 bracchia
1230 779 1370 819 motu

123 847 193 913 (et
228 865 371 898 sexus
406 848 585 913 pariter
618 850 762 899 decet
798 858 847 898 et
882 851 1143 900 mendacia
1179 851 1368 916 matris)
1703 858 1782 912 605

121 928 358 979 mirantur
391 930 612 980 comites.
684 947 777 979 nec
812 930 910 979 iam
946 932 1275 994 pulcherrima
1309 933 1482 982 turbae

122 1010 397 1060 Deidamea
431 1028 549 1060 suae
583 1020 876 1075 tantumque
910 1013 1114 1061 admota
1149 1014 1363 1077 superbo

118 1091 328 1140 vincitur
362 1092 594 1153 Aeacide,
633 1102 874 1156 quantum
911 1093 1087 1157 premit
1122 1093 1229 1158 ipsa
1264 1111 1467 1144 sororeS.

117 1182 172 1222 ut
206 1190 322 1222 vero
357 1191 385 1223 e
420 1173 560 1223 tereti
594 1173 792 1223 demisit
827 1174 1033 1223 nebrida
1069 1177 1197 1224 collo

116 1253 418 1318 errantisque
453 1255 589 1303 sinus
624 1257 809 1304 hedera
842 1255 1038 1319 collegit
1074 1265 1122 1305 et
1156 1259 1253 1306 alte
1701 1265 1782 1305 610

115 1334 266 1384 cinxit
300 1335 556 1399 purpureis
591 1335 820 1384 flaventia
854 1344 1077 1399 tempora
1112 1337 1242 1386 vittis

114 1415 420 1480 vibravitque
454 1416 587 1480 gravi
621 1416 904 1465 redimitum
941 1416 1125 1466 missile
1160 1419 1348 1478 dextra,

112 1499 324 1546 attonito
359 1507 454 1547 stat
488 1498 632 1546 turba
667 1506 802 1546 metu
838 1497 1090 1561 sacrisque
1126 1498 1307 1547 relictis

112 1578 251 1626 illum
285 1578 472 1628 ambire
507 1578 628 1627 libet
662 1594 945 1642 pronosque
979 1581 1201 1628 attollere
1237 1581 1414 1628 vultus.

111 1660 235 1720 talis,
272 1659 359 1709 ubi
392 1661 458 1708 ad
492 1659 693 1708 Thebas
728 1662 1019 1723 vultumque
1053 1660 1377 1724 animumque
1412 1660 1598 1709 remisit
1695 1666 1775 1721 615

112 1741 302 1790 Euhius
337 1750 386 1790 et
420 1739 578 1804 patrio
613 1739 804 1788 satiavit
838 1749 1039 1803 pectora
1072 1743 1202 1802 luxu,

110 1831 238 1872 serta
272 1821 428 1871 comis
464 1821 759 1884 mitramque
793 1823 922 1869 levat
957 1823 1278 1886 thyrsumque
1313 1822 1552 1871 virentem

109 1912 265 1953 armat
300 1911 349 1952 et
382 1902 572 1951 hostilis
607 1901 775 1950 invisit
813 1901 984 1951 fortior
1023 1905 1192 1952 Indos.

181 1984 463 2034 Scandebat
498 1999 640 2032 roseo
676 1981 828 2031 medii
863 1983 1056 2046 fastigia
1090 1984 1214 2032 caeli

109 2068 252 2114 Luna
285 2063 414 2127 iugo,
453 2063 575 2112 totis*
603 2062 690 2112 ubi
726 2080 930 2112 somnus
966 2062 1166 2112 inertior
1200 2063 1288 2112 alis
1695 2072 1776 2114 620

107 2145 279 2196 defluit
314 2145 366 2193 in
401 2154 550 2193 terras
587 2153 881 2207 mutumque
915 2144 1227 2208 amplectitur
1262 2145 1467 2194 orbem:

106 2228 376 2277 consedere
411 2224 548 2275 chori
583 2227 887 2288 paulumque
922 2213 1133 2275 exercita
1167 2228 1312 2289 pulsu

104 2326 217 2358 aera
252 2316 430 2367 tacent,
469 2316 640 2355 tenero
675 2323 791 2354 cum
827 2308 960 2355 solus
996 2307 1059 2356 ab
1095 2306 1291 2371 agmine
1327 2307 1546 2356 Achilles

16 2448 18 2450 v
104 2391 228 2439 haec
262 2405 460 2438 secum:
508 2390 520 2413 ‘
543 2388 778 2448 Quonam
814 2385 1016 2436 timidae
1051 2397 1333 2437 commenta
1367 2388 1582 2452 parentis

105 2486 262 2533 usque
297 2470 461 2518 feres?
507 2467 822 2531 primumque
858 2467 1047 2516 imbelli
1082 2485 1275 2517 carcere
1310 2470 1485 2532 perdes
1556 2527 1559 2529 ,
1691 2477 1770 2530 625

157 2600 239 2649 598
269 2598 367 2637 Rex
384 2596 426 2635 P
617 2607 697 2645 599
726 2595 921 2635 educitur
939 2596 982 2634 P
1168 2599 1249 2636 600
1276 2602 1362 2636 stat
1383 2603 1448 2636 est
1468 2596 1510 2635 P
1687 2598 1770 2636 602

103 2653 183 2693 sibi
216 2653 308 2692 risit
340 2651 382 2690 P
413 2650 655 2689 Monacensi
685 2662 842 2700 14557:
876 2651 1047 2689 subrisit
1080 2651 1171 2700 Ekq
1354 2654 1436 2701 609
1465 2665 1489 2690 e
1511 2651 1634 2690 tereti
1655 2651 1765 2690 codd.

103 2708 196 2748 dett.
229 2706 342 2747 edd:
373 2711 416 2745 et
449 2705 574 2744 tereti
603 2703 671 2744 P:
701 2710 744 2743 et
775 2705 912 2744 territi
942 2705 1005 2743 E:
1035 2705 1188 2745 thereti
1210 2720 1236 2756 q
1346 2706 1461 2744 misit
1493 2706 1697 2746 nebreida
1730 2706 1771 2744 E

103 2765 184 2813 615
214 2761 283 2801 ubi
303 2761 494 2800 Athenas
514 2759 554 2798 E
703 2760 787 2798 620
815 2759 998 2810 totisque
1020 2759 1059 2798 E
1216 2761 1294 2799 621
1327 2761 1467 2800 desilit
1486 2760 1529 2800 E
1688 2762 1769 2799 622

145 2828 162 2852 r

103 2841 206 2900 cusu
224 2859 267 2899 P
283 2858 425 2912 (pulsu
446 2869 582 2909 marg.
600 2869 672 2897 rec.
688 2855 767 2907 m.)
878 2856 957 2906 625
978 2856 1121 2907 perdis
1139 2855 1181 2895 Ρ
