1884 3204
991 84 1403 134 THEBAIDOS
1440 83 1656 132 LIBER
1692 82 1770 132 XI

53 267 57 270 -
117 229 214 281 hoc
248 235 452 285 tanturn,
490 233 544 274 et
573 226 718 272 natae
753 222 927 272 melius
963 221 1180 270 conubia
1214 221 1416 284 iungas.’

39 292 43 302 ’
185 309 332 357 Ibant
365 306 415 354 in
451 303 686 362 lacrimas,
725 302 888 361 veluti,
927 319 1041 351 cum
1077 319 1190 350 vere
1224 317 1419 350 reverso

118 386 367 438 Bistoniae
398 394 600 450 tepuere
634 383 785 443 nives,
824 381 1127 431 submittitur
1161 382 1333 444 ingens

118 470 342 517 Haemus
377 474 426 514 et
460 473 692 527 angustos
729 464 980 525 Rhodope
1015 462 1273 511 descendit
1308 462 1360 510 in
1394 460 1567 509 amnis.
1693 476 1770 520 195

36 607 41 611 .
117 554 343 610 coeperat
377 554 426 594 et
459 544 558 593 leni
594 543 756 594 senior
791 545 1006 592 mulcere
1042 541 1303 590 furentem⁴

115 626 381 690 adloquio:
429 625 572 674 scidit
608 640 718 673 orsa
751 639 882 672 novo
917 633 1098 672 terrore
1133 630 1336 670 cruenta

70 701 75 703 ⁸
118 706 374 766 Eumenis,
406 705 752 768 alipedemque
788 702 940 753 citum
976 702 1240 766 fataliaque
1273 718 1409 750 arma

57 845 60 848 .
116 787 349 852 protinus,
391 785 583 834 Inachii
618 787 780 833 vultus
816 801 1043 847 expressa
1078 783 1316 842 Pherecli,

117 867 294 918 obtulit
328 883 387 915 ac
423 867 547 919 fidas
584 865 791 914 exclusit
828 864 1019 915 casside
1053 881 1215 914 voces.
1691 881 1773 910 200

115 964 174 998 ac
209 963 354 1010 super
388 949 543 995 haec:
598 947 886 1009 ‘Abrumpe
922 962 1097 1004 moras,
1136 945 1435 994 celeremus!
1483 952 1532 992 et
1567 942 1705 991 illum

32 1052 40 1059 ’·
115 1030 379 1079 adventare
414 1029 575 1075 ferunt
610 1026 791 1090 portis.'
860 1026 930 1075 sic
966 1025 1135 1074 omnia
1168 1025 1284 1074 vicit
1347 1056 1352 1062 ·

119 1118 496 1171 correptumque
530 1107 697 1155 iniecit
732 1123 862 1170 equo
879 1125 893 1168 3
940 1108 1072 1155 volat
1106 1123 1320 1169 aequore
1354 1115 1526 1169 aperto

117 1191 328 1254 pallidus
362 1188 726 1250 instantemque
762 1189 885 1236 deae
919 1187 1249 1250 circumspicit
1283 1187 1524 1235 umbram.

184 1271 331 1318 Sacra
366 1267 475 1316 Iovi
510 1267 684 1316 merito
718 1267 895 1330 Tyrius
930 1284 1019 1331 pro
1053 1267 1260 1316 fulmine
1294 1269 1472 1316 ductor
1694 1285 1772 1326 205

118 1349 417 1413 nequiquam
435 1351 658 1400 ,Danaos
692 1357 824 1396 ratus
865 1364 1138 1397 exarmasse
1172 1348 1373 1396 ferebat.

118 1447 210 1480 nec
245 1439 381 1494 pater
414 1428 658 1477 aetherius
693 1429 963 1491 divumque
997 1430 1086 1476 has
1121 1429 1249 1476 ullus
1283 1429 1349 1477 ad
1383 1444 1503 1488 aras,

120 1513 207 1560 sed
243 1513 371 1559 mala
405 1509 679 1573 Tisiphone
716 1509 917 1572 trepidis
952 1508 1133 1557 inserta
1168 1507 1400 1557 ministris

119 1594 279 1642 adstat
313 1601 362 1640 et
396 1590 588 1639 inferno
629 1589 889 1653 praevertit
923 1599 1037 1639 vota
1072 1589 1302 1638 Tonanti.

125 1677 355 1723 ‘Summe
391 1674 559 1732 deum,
593 1671 683 1720 tibi
719 1688 935 1734 namque
971 1688 1112 1720 meae
1147 1670 1415 1734 primordia
1449 1671 1655 1720 Thebae
1694 1690 1777 1719 210

121 1754 286 1820 (liveat
320 1754 578 1802 infandum
613 1752 727 1801 licet
762 1755 921 1816 Argos
958 1762 1007 1801 et
1040 1769 1212 1815 aspera
1248 1751 1401 1816 Iuno)

121 1835 317 1893 debent,
357 1834 588 1883 Sidonios
624 1851 683 1883 ex
719 1850 819 1897 quo
853 1851 940 1897 per
974 1833 1116 1883 litora
1151 1842 1315 1897 raptor

121 1914 325 1964 turbasti
359 1914 558 1974 thiasos,
597 1913 826 1977 dignatus
862 1913 1046 1977 virgine
1081 1923 1247 1963 nostra

122 2005 253 2060 terga
287 1995 443 2059 premi
478 2004 527 2043 et
561 1994 779 2058 placidas
814 1997 991 2044 falsum
1028 1994 1215 2057 mugire
1250 2012 1337 2058 per
1371 1995 1560 2044 undas!

122 2095 214 2127 nec
249 2087 297 2126 te
332 2093 458 2126 vana
493 2078 616 2125 fides
652 2076 828 2125 iterum
866 2076 1106 2127 Cadmeia
1139 2078 1376 2139 adeptum
1701 2094 1776 2135 215

122 2159 336 2209 conubia
371 2168 419 2208 et
454 2158 629 2221 Tyrios
665 2158 873 2206 nimium
909 2158 1149 2222 inrupisse
1185 2157 1405 2222 penatis:

122 2242 338 2300 tandem,
375 2239 592 2302 inquam,
632 2256 827 2288 soceros
863 2239 1142 2302 dilectaque
1177 2239 1374 2288 moenia
1406 2248 1570 2303 gratus

122 2320 321 2384 respicis
356 2322 673 2382 adsertorque
708 2326 849 2368 tonas
866 2338 879 2381 ;
926 2337 1017 2368 ceu
1052 2319 1182 2383 regia
1217 2320 1340 2368 caeli

52 2455 58 2457 ,
123 2411 412 2464 attemptata
446 2400 530 2460 tui,
569 2401 638 2450 sic
674 2410 722 2450 te
757 2418 845 2464 pro
881 2401 1093 2450 turribus
1133 2400 1242 2449 altis

184 2542 259 2579 193
288 2529 425 2568 reviso
446 2528 504 2567 P²
687 2543 760 2580 197
791 2530 914 2569 scidit
932 2530 1024 2580 ipsa
1042 2529 1171 2569 Prisc.
1197 2543 1238 2569 x.
1262 2543 1314 2578 24
1487 2543 1564 2580 199
1592 2529 1780 2578 pherecli

126 2582 191 2622 P:
238 2584 399 2633 pherici
445 2584 506 2632 (in
548 2583 653 2630 νας.)
693 2583 734 2622 Β
752 2599 759 2622 :
805 2585 968 2635 perichi
1013 2585 1179 2623 KDNS
1198 2599 1205 2622 :
1257 2584 1419 2633 pherali
1472 2584 1510 2634 Q
1528 2599 1536 2622 :
1561 2620 1564 2623 ,
1586 2584 1779 2623 Perinthi

130 2638 366 2685 Gronovius
445 2652 526 2676 200
554 2638 740 2677 excludit
758 2639 799 2676 A
906 2641 987 2677 206
1015 2639 1152 2689 ratus]
1176 2645 1318 2689 raptos
1347 2637 1390 2676 P
1498 2639 1711 2677 exaniisse
1734 2638 1776 2676 A

129 2694 207 2731 208
228 2690 496 2740 magistrisP
601 2705 648 2730 21
662 2706 677 2730 1
701 2694 802 2731 livet
822 2694 865 2742 (a
877 2699 966 2743 sup.
985 2696 1028 2742 e)
1050 2699 1091 2732 et
1111 2693 1158 2731 N
1263 2706 1341 2741 214
1363 2693 1517 2742 premit
1541 2696 1601 2742 (et
1617 2692 1723 2744 om.)
1738 2692 1781 2730 P

127 2746 282 2784 fassum
318 2745 360 2783 P
512 2759 591 2796 215
619 2747 816 2795 adeptum
848 2747 1042 2796 DKNQ:
1089 2747 1428 2798 adessptumB:
1475 2748 1718 2798 ademptum
1739 2746 1781 2784 P

129 2811 206 2850 217
235 2812 432 2850 umquam
466 2799 509 2838 P
632 2801 878 2850 deiectaque
896 2800 938 2839 P
956 2815 964 2839 z
998 2801 1247 2851 delectaque
1268 2800 1310 2839 Β
