1884 3204
994 57 1404 108 THEBAIDOS
1442 60 1657 109 LIBER
1693 62 1739 108 V

92 198 222 247 fama
253 193 384 245 subit
418 203 601 258 portus,
639 203 835 243 vectum
872 202 1003 242 trans
1038 196 1137 242 alta
1172 196 1404 244 Thoanta

90 279 297 328 fraterna
330 291 528 338 regnare
564 274 707 334 Chio,
746 274 867 322 mihi
902 273 1107 322 crimina
1141 277 1292 336 nulla,

81 342 140 409 'et
171 372 350 406 vacuos
385 354 558 404 arsisse
593 371 736 418 rogos
753 373 767 416 3
814 354 975 403 fremit
1010 354 1161 417 impia
1196 356 1366 418 plebes

90 436 312 487 sontibus
345 451 582 484 accensae
618 434 826 483 stimulis
862 434 1152 498 facinusque
1188 446 1467 498 reposcunt.

39 527 41 529 ’
90 515 208 582 quin
243 515 390 565 etiam
426 517 648 564 occultae
681 517 829 579 vulgo
864 514 1224 564 increbrescere
1260 533 1436 565 voces:
1655 539 1740 580 490

75 597 312 660 “‘Solane
346 596 446 643 fida
480 594 594 654 suis,
632 612 722 644 nos
757 603 923 644 autem
959 595 1010 643 in
1045 597 1217 644 funera
1252 598 1454 645 laetae?

88 681 219 728 'mon
242 677 364 724 deus
388 676 511 724 haec
535 676 826 739 fatumque?
875 675 996 739 quid
1025 675 1232 740 imperat
1257 677 1378 726 urbe
1403 679 1658 728 nefanda?
1677 682 1739 730 ''†

107 751 110 753 ’
153 754 356 804 Talibus
393 755 629 804 exanimis
666 755 811 804 dictis
848 754 918 820 (et
953 755 1088 805 triste
1124 756 1423 820 propinquat

87 835 380 900 supplicium
416 852 509 884 nec
544 853 693 900 regna
727 835 916 902 iuvant)
952 853 1074 900 vaga
1109 836 1251 886 litora
1284 837 1452 897 furtim

86 914 371 965 incomitata
405 933 584 979 sequor
616 918 909 980 funestaque
944 917 1142 966 moenia
1176 917 1366 981 linquo,
1656 941 1737 983 495

86 1012 183 1060 qua
217 997 331 1059 fuga
365 1006 483 1046 nota
517 996 694 1061 patris:
742 999 831 1046 sed
866 1014 967 1046 non
1003 997 1179 1046 iterum
1215 998 1389 1047 obvius
1427 1001 1606 1049 Euhan
1622 1019 1636 1062 3

86 1093 200 1126 nam
236 1093 316 1126 me
350 1079 657 1140 praedonum
694 1094 868 1126 manus
904 1079 1002 1126 huc
1036 1080 1243 1142 appulsa
1277 1088 1523 1129 tacentem

84 1155 262 1220 abripit
296 1166 345 1206 et
372 1166 554 1206 vestras
589 1159 823 1206 famulam
859 1157 1142 1207 transmittit
1176 1158 1227 1207 in
1263 1162 1402 1208 oras.'

152 1237 294 1286 Talia
329 1238 560 1287 Lernaeis
596 1238 737 1287 iterat
772 1239 893 1287 dum
929 1237 1123 1301 regibus
1160 1241 1297 1287 exsul

87 1317 317 1367 Lemnias
354 1328 404 1368 et
439 1320 585 1382 longa
620 1321 804 1367 solatur
837 1321 1020 1368 damna
1055 1322 1271 1382 querela,
1656 1343 1739 1383 500

86 1397 344 1448 immemor
377 1398 596 1447 absentis
635 1397 723 1460 (sic
759 1399 812 1448 di
847 1398 1087 1463 suasistis>
1121 1400 1325 1460 alumni,
1373 1415 1376 1418 ’

85 1478 166 1528 ille
199 1479 354 1542 gravis
389 1482 560 1529 oculos
595 1479 976 1543 languentiaque
1012 1497 1096 1529 ora
1131 1481 1350 1530 comanti

87 1560 258 1624 mergit
293 1561 459 1620 humo,
499 1561 755 1623 fessusque
790 1559 875 1610 diu
911 1560 1180 1624 puerilibus
1216 1562 1337 1611 actis

85 1639 262 1690 labitur
295 1640 346 1688 in
381 1657 595 1700 somnos,
633 1657 810 1704 prensa
844 1658 1019 1689 manus
1055 1643 1222 1690 haeret
1256 1642 1307 1690 in
1343 1643 1509 1694 herba.

154 1722 348 1770 Interea
381 1721 583 1783 campis,
621 1721 836 1770 nemoris
872 1738 1009 1771 sacer
1043 1723 1215 1771 horror
1251 1724 1455 1784 Achaei,
1658 1746 1738 1788 505

86 1801 324 1865 terrigena
358 1801 570 1850 exoritur
605 1818 817 1865 serpens,
857 1811 1114 1865 tractuque
1149 1806 1313 1852 soluto

29 1886 33 1889 ’
87 1881 353 1930 immanem
389 1898 495 1931 sese
530 1882 663 1930 vehit
697 1899 755 1931 ac
790 1892 902 1945 post
937 1892 1071 1946 terga
1104 1884 1348 1947 relinquit.

88 1961 236 2011 livida
270 1963 349 2010 fax
384 1962 554 2022 oculis,
593 1962 770 2011 tumidi
806 1972 900 2011 stat
935 1963 986 2011 in
1022 1981 1106 2012 ore
1141 1965 1319 2014 veneni

88 2058 263 2105 spuma
296 2040 469 2100 virens,
507 2051 580 2091 ter
613 2042 779 2105 lingua
812 2043 981 2103 vibrat,
1020 2053 1158 2093 terna
1193 2045 1388 2109 agmina
1423 2048 1604 2097 adunci

89 2121 264 2182 dentis,
303 2131 351 2170 et
386 2132 581 2171 auratae
616 2123 826 2172 crudelis
861 2123 1014 2187 gloria
1048 2125 1220 2174 frontis
1661 2149 1740 2190 510

89 2201 345 2264 prominet.
419 2202 624 2251 Inachio
660 2213 884 2252 sanctum
921 2204 1084 2254 dixere
1120 2207 1337 2256 Tonanti

88 2280 341 2344 agricolae,
381 2282 460 2331 cui
496 2300 611 2332 cura
646 2284 742 2333 loci
778 2294 827 2333 et
861 2285 1160 2335 silvestribus
1195 2287 1289 2336 aris

88 2377 274 2424 pauper
307 2363 467 2411 honos
484 2381 498 2424 3
544 2381 677 2413 nunc
712 2364 793 2413 ille
829 2366 911 2414 dei
946 2366 1249 2417 circumdare
1286 2371 1470 2432 templa

88 2440 207 2490 orbe
242 2458 365 2505 vago
400 2444 584 2504 labens,
623 2444 829 2495 miserae
864 2463 997 2495 nunc
1032 2448 1210 2497 robora
1244 2448 1394 2499 silvae

141 2570 221 2618 488
249 2569 440 2620 improba
458 2571 502 2609 A
632 2586 713 2622 490
740 2573 979 2614 increscere
997 2575 1038 2614 P
1163 2589 1239 2626 491
1272 2578 1380 2616 latae
1400 2578 1620 2631 Baehrens,
1629 2581 1736 2630 fort.

87 2629 229 2662 nostra
249 2630 389 2662 autem
409 2626 451 2663 in
473 2625 621 2665 funera
641 2627 750 2666 laeta
767 2631 858 2668 est?
969 2642 1049 2678 492
1077 2643 1219 2669 versus
1235 2638 1455 2681 corruptus
1534 2647 1621 2673 non
1640 2636 1710 2673 Ρω
1728 2650 1738 2674 :

86 2689 184 2717 num
205 2677 464 2729 Kohlmann,
496 2679 681 2730 Wilkins,
705 2695 799 2720 cum
818 2682 901 2722 cod.
925 2682 1116 2722 Gudiano
1136 2696 1189 2733 52
1297 2686 1395 2734 quid
1414 2686 1534 2737 PBQ
1551 2688 1644 2738 z‘qd
1664 2689 1712 2727 N
1729 2704 1738 2728 :

87 2732 198 2781 quod
217 2731 262 2770 D
278 2745 287 2770 ε
302 2733 405 2782 sort.
427 2746 514 2771 non
535 2735 639 2773 deus
660 2735 777 2784 haec,
798 2736 1012 2788 fatumque
1032 2739 1145 2787 quod
1166 2739 1345 2788 imperat
1366 2741 1483 2788 urbe,
1499 2743 1736 2791 rependet-3

87 2797 166 2834 494
195 2785 336 2824 furtim
354 2786 419 2826 P:
447 2787 560 2826 furto
579 2788 894 2842 BDQN[K52]
1065 2805 1143 2842 497
1173 2806 1229 2831 an
1247 2793 1481 2835 licentum?
1537 2796 1736 2836 latentem

86 2837 326 2878 Phillimore
446 2842 526 2892 498
559 2842 790 2882 transmisit
808 2844 855 2882 N
958 2847 1040 2894 506
1067 2847 1257 2886 exoritur
1275 2847 1420 2887 PLLI.
1442 2863 1451 2887 :
1479 2850 1654 2900 erigitur
1672 2851 1742 2891 oeS

0 2913 3 2919 ·
87 2902 165 2942 507
195 2893 321 2933 trahit
340 2894 382 2932 A
550 2908 626 2946 511
660 2896 817 2943 Inachii
835 2897 1009 2938 Mueller
