1884 3204
983 94 1467 144 ACHILLEIDOS
1505 94 1720 142 LIBER
1758 92 1781 141 I

230 235 271 285 is
305 236 456 285 decor
490 242 538 283 et
572 233 758 282 formae
793 231 981 295 species
1016 231 1254 295 permixta
1288 231 1442 280 virili.'

231 315 440 365 occurrit
473 314 692 377 genitor:
743 311 907 375 ‘Quid
943 312 983 361 si
1018 322 1103 362 aut
1139 315 1367 362 Bacchea
1401 312 1600 362 ferentis

230 395 377 459 orgia,
416 394 658 443 Palladias
693 402 778 442 aut
813 393 996 442 circum
1032 393 1210 442 videris
1245 396 1388 452 aras?

132 492 210 536 140
233 485 283 525 et
316 475 560 535 dabimus,
599 474 639 523 si
674 476 798 523 forte
833 490 991 523 novus
1027 474 1338 523 cunctabitur
1373 476 1583 523 Auster.'

226 555 475 620 excipiunt
511 554 678 619 cupidi
714 564 763 604 et
798 554 957 604 tacitis
993 571 1104 618 spes
1140 554 1311 604 addita
1344 555 1485 604 votis.
1706 565 1784 615 815

226 646 389 687 cetera
422 636 659 701 depositis
697 636 993 700 Lycomedis
1029 636 1160 700 regia
1194 635 1322 685 curis
1668 626 1670 628 ’

228 717 490 781 tranquilla
525 718 618 766 sub
653 734 775 781 pace
811 717 933 778 silet,
972 719 1060 767 sed
1095 719 1243 781 longa
1278 717 1438 781 sagaci

225 814 325 847 nox
361 800 551 858 Ithaco,
587 800 850 862 lucemque
885 798 1021 862 cupit
1056 815 1389 862 somnumque
1423 807 1660 862 gravatur.

132 898 207 938 145
301 878 521 928 Vixdum
558 889 726 928 exorta
761 879 868 929 dies
904 889 953 929 et
989 879 1085 928 iam
1122 879 1385 928 comitatus
1421 882 1604 942 Agyrte

228 959 449 1023 Tydides
483 962 654 1010 aderat
690 960 1041 1024 praedictaque
1077 962 1212 1010 dona
1246 962 1446 1010 ferebat.
1706 971 1787 1008 820

228 1057 323 1090 nec
359 1040 522 1090 minus
559 1058 780 1105 egressae
817 1043 1036 1091 thalamo
1072 1041 1327 1105 Scyreides
1362 1041 1502 1091 ibant

229 1131 476 1171 ostentare
512 1123 689 1171 choros
725 1122 1064 1186 promissaque
1100 1140 1236 1172 sacra
1270 1123 1496 1172 verendis

229 1202 521 1266 hospitibus,
594 1203 717 1252 nitet
751 1213 867 1252 ante
900 1203 1019 1252 alias
1054 1203 1222 1267 regina
1256 1221 1525 1267 comesque

133 1303 212 1344 150
237 1283 445 1343 Pelides,
485 1283 643 1347 qualis
680 1283 873 1333 Siculae
908 1285 1002 1333 sub
1037 1284 1242 1348 rupibus
1277 1286 1469 1334 Aetnae

230 1364 418 1414 Naidas
454 1367 684 1413 Ennaeas
720 1364 846 1413 inter
883 1364 1046 1413 Diana
1079 1366 1314 1428 feroxque
1711 1375 1788 1424 825

231 1447 392 1495 Pallas
429 1454 478 1495 et
515 1445 664 1508 Elysii
702 1447 900 1494 lucebat
935 1462 1120 1509 sponsa
1154 1446 1359 1509 tyranni.

230 1526 428 1591 iamque
463 1535 665 1575 movent
699 1543 892 1590 gressus
927 1525 1198 1589 thiasisque
1234 1527 1453 1576 Ismenia
1488 1528 1647 1576 buxus
1683 1539 1685 1541 “

231 1607 369 1671 signa
402 1607 558 1668 dedit,
593 1606 766 1671 quater
798 1624 910 1656 aera
947 1609 1133 1668 Rheae,
1171 1617 1344 1671 quater
1378 1609 1558 1657 enthea
1593 1610 1790 1672 pulsant

135 1709 212 1750 155
239 1698 374 1752 terga
410 1703 559 1737 manu
595 1688 854 1752 variosque
890 1698 1062 1752 quater
1097 1691 1257 1752 legere
1291 1706 1529 1739 recursus.

231 1778 350 1818 tunc
385 1771 576 1832 thyrsos
611 1770 888 1833 pariterque
924 1771 1088 1820 levant
1122 1770 1400 1833 pariterque
1435 1780 1682 1834 reponunt
1706 1780 1790 1831 830

232 1850 659 1914 multiplicantque
693 1852 914 1914 gradum,
953 1852 1107 1901 modo
1142 1869 1243 1915 quo
1280 1853 1486 1902 Curetes
1522 1852 1572 1900 in
1607 1862 1720 1901 actu

232 1948 434 1996 quoque
468 1931 537 1995 pii
573 1933 917 1982 Samothraces
952 1941 1085 1993 eunt,
1124 1949 1258 1981 nunc
1293 1932 1440 1982 obvia
1473 1950 1642 1983 versae

233 2011 430 2076 pectine
466 2012 754 2073 Amazonio,
795 2014 948 2062 modo
984 2030 1084 2077 quo
1121 2012 1238 2062 citat
1274 2015 1393 2063 orbe
1431 2016 1682 2063 Lacaenas

136 2100 215 2146 160
237 2092 381 2142 Delia
415 2093 796 2157 plaudentisque
832 2093 932 2142 suis
967 2093 1218 2157 intorquet
1252 2095 1488 2157 Amyclis.

233 2183 353 2223 tunc
386 2191 517 2234 vero,
555 2184 675 2223 tunc
709 2174 973 2238 praecipue
1009 2175 1296 2224 manifestus
1332 2175 1551 2225 Achilles
1711 2188 1788 2237 835

234 2272 327 2305 nec
363 2272 552 2304 servare
587 2255 718 2304 vices
754 2273 847 2305 nec
882 2256 1113 2305 bracchia
1148 2256 1348 2320 iungere
1383 2266 1520 2306 curat
1535 2275 1549 2318 3

187 2386 265 2425 811
294 2384 332 2424 is
343 2384 496 2434 PQK:
527 2384 594 2423 his
608 2384 650 2423 E
663 2390 701 2423 et
714 2398 781 2424 rec.
802 2399 859 2425 m.
890 2385 927 2435 Q
947 2400 956 2424 :
975 2392 1040 2425 est
1054 2385 1094 2425 E
1109 2385 1229 2435 :sort.
1249 2386 1320 2436 qui
1334 2387 1487 2427 decor!
1508 2393 1554 2426 ut
1569 2415 1580 2427 .
1598 2417 1606 2426 .
1624 2417 1633 2427 .
1647 2388 1759 2428 virili
1781 2393 1788 2429 !

133 2441 214 2479 812
242 2438 430 2478 bacehea
449 2439 492 2478 P
504 2453 513 2477 z
543 2439 770 2491 bacheissa
793 2439 830 2477 E
846 2453 854 2478 :
883 2440 1043 2479 bachea
1061 2455 1091 2478 ω
1200 2442 1281 2490 814
1312 2442 1480 2480 dabitur
1497 2442 1535 2492 Q
1549 2446 1587 2480 et
1600 2443 1797 2482 nonnulli

136 2492 246 2532 codd.
263 2492 357 2533 dett.
434 2506 569 2532 novos
587 2495 849 2533 cunctavitur
863 2494 927 2533 P:
957 2500 1181 2534 cunctatur
1198 2495 1240 2533 E
1317 2496 1397 2545 815
1418 2497 1570 2582 {upide
1584 2496 1626 2535 E
1706 2498 1786 2536 816

133 2588 350 2639 dispositis
369 2588 411 2626 E
550 2589 629 2638 817
659 2589 778 2639 agaci
798 2588 841 2627 P
982 2591 1062 2629 818
1091 2603 1190 2629 mox
1207 2589 1249 2628 E
1402 2592 1503 2642 itaq.
1525 2592 1592 2631 P:
1626 2592 1734 2632 itaco
1754 2592 1795 2631 E

133 2655 324 2692 somnoq.
358 2643 400 2681 E
561 2645 641 2692 824
674 2643 823 2693 quales
853 2643 897 2682 P
1068 2645 1147 2693 825
1181 2645 1366 2685 Naiadas
1400 2651 1437 2684 Π
1457 2652 1494 2684 et
1528 2659 1598 2686 rec.
1634 2661 1693 2686 m.
1727 2646 1791 2696 Q:

136 2696 319 2736 Naiades
358 2696 444 2746 QK
606 2698 776 2736 Enneas
818 2697 1078 2738 Gronovius:
1120 2705 1296 2738 aetneas
1339 2701 1536 2751 (ethneas
1573 2700 1634 2753 E)
1674 2700 1787 2741 codd.

135 2750 331 2802 ferosque
350 2750 393 2788 P
554 2752 633 2801 827
665 2751 891 2791 immoenia
910 2752 953 2790 P
1112 2754 1192 2791 828
1221 2753 1380 2793 enthea
1401 2755 1544 2806 vulg:
1578 2760 1706 2794 entea
1725 2755 1791 2794 P:

135 2805 285 2845 euchia
317 2804 387 2843 Εω
595 2808 670 2855 831
703 2807 943 2858 currelstes
976 2806 1042 2856 Q·
1073 2813 1214 2847 curtes
1251 2810 1324 2859 (en
1357 2815 1446 2859 sup.
1486 2823 1507 2847 r
1536 2822 1610 2848 scr.
1641 2809 1702 2847 Ε2
1705 2810 1719 2860 )
1755 2809 1796 2847 Ε

135 2859 215 2909 832
244 2855 397 2909 piideis
429 2861 696 2899 amothraces
726 2860 768 2898 P
800 2862 876 2911 (an
909 2861 1026 2900 Idaei
1058 2867 1100 2901 et
1122 2862 1423 2902 Samothraces
1451 2869 1552 2902 eunt
1579 2864 1795 2915 praebebat

135 2914 394 2965 archetypum
409 2916 443 2967 2)
609 2916 688 2964 835
719 2922 806 2955 tum
826 2915 869 2953 P
