1884 3204
121 68 175 115 P.
215 67 458 116 PAPINI
495 67 701 117 STATI

122 196 376 257 hortator3
423 197 513 245 sed
549 204 672 245 tunc
705 194 899 245 miseris
932 196 1086 245 dabat
1119 195 1240 246 utile
1275 195 1471 261 signum

122 277 466 339 suadebatque
501 277 668 339 fugam
704 285 754 326 et
788 285 922 326 tutos
957 276 1009 325 in
1045 285 1204 326 castra
1237 286 1494 341 receptus:

123 374 239 405 cum
275 357 496 405 subitum
533 356 740 420 obliquo
782 357 1043 408 descendit
1077 359 1141 408 ab
1176 362 1289 408 a'ere
1323 360 1516 417 vulnus,

122 433 443 498 urgentisque
478 451 658 483 sonum
693 437 832 484 laeva
867 453 1044 485 manus
1078 453 1196 485 aure
1231 445 1423 486 retenta
1457 444 1548 502 est,

125 514 251 563 sicut
287 524 423 576 erat3
469 515 593 580 fugit
627 515 679 564 in
714 533 897 566 vacuas
929 516 1028 565 iam
1065 517 1264 581 spiritus
1297 534 1453 576 auraS‚
1737 535 1807 581 555

124 595 222 644 iam
258 596 425 660 gelida
458 613 544 645 ora
578 605 757 656 tacent,
797 613 997 647 carmen
1032 599 1154 647 tuba
1189 600 1295 648 sola
1329 596 1530 661 peregit.

148 730 152 733 ζ
195 678 405 740 Iamque
439 686 620 741 potens
654 680 896 728 scelerum
930 667 1258 742 geminaeque
1293 677 1519 728 exterrita
1552 676 1713 741 gentis
1797 712 1803 719 -

127 757 366 821 sanguine
401 758 678 822 Tisiphone
713 760 926 808 fraterna
960 761 1191 809 claudere
1226 758 1417 823 quaerit

126 840 258 887 bella
293 839 446 888 tuba:
494 856 588 888 nec
623 856 679 888 se
712 848 850 887 tanta
883 838 936 887 in
971 839 1242 889 certamina
1281 840 1391 889 fidit
1818 886 1821 887 γ

128 922 363 980 sufficere,
402 919 594 969 inferna
629 919 865 969 comitem
901 919 953 968 ni
988 921 1108 969 sede
1145 922 1431 984 Megaeram
1742 928 1796 970 60
1807 926 1815 964 s
1883 971 1884 985 ἶ

128 1011 177 1051 et
213 1000 610 1064 consanguineos
645 1000 698 1048 in
733 1000 921 1064 proelia
956 1000 1159 1050 suscitet
1194 1001 1381 1064 anguis.

128 1099 244 1146 ergo
279 1083 454 1146 procul
488 1098 644 1130 vacua
679 1081 908 1132 consedit
941 1083 1068 1131 valle
1103 1083 1368 1146 solumque

129 1180 249 1213 ense
284 1162 412 1212 fodit
448 1162 618 1226 Stygio
654 1171 911 1226 terraeque
946 1162 1290 1212 immurmurat
1324 1163 1505 1214 absens

130 1262 317 1295 nomen
353 1253 402 1294 et
438 1243 640 1308 (Elysiis
677 1244 872 1308 signum
908 1243 1240 1295 indubitabile
1275 1244 1462 1311 regnis)
1800 1288 1806 1295 .

130 1327 366 1377 crinalem
401 1325 581 1375 attollit
616 1327 767 1390 longo
803 1325 1012 1375 stridore
1047 1334 1302 1376 cerasten:
1632 1307 1647 1323 ⁰
1745 1333 1828 1389 65„

131 1409 386 1457 caeruleae
420 1408 523 1456 dux
556 1406 639 1456 ille
675 1424 862 1466 comae,
902 1423 1004 1470 quo
1038 1406 1263 1470 protinus
1299 1407 1463 1457 omnis

131 1488 320 1539 horruit
355 1488 530 1538 audito
565 1490 710 1537 tellus
745 1497 1030 1552 pontusque
1065 1491 1324 1552 polusque,

132 1579 181 1619 et
216 1578 355 1633 pater
389 1572 643 1627 Aetnaeos
678 1569 857 1619 iterum
893 1569 1105 1634 respexit
1140 1571 1204 1619 ad
1239 1570 1379 1634 ignis.

132 1650 435 1714 accipit-illa
470 1667 687 1712 sonum3
734 1651 896 1700 stabat
931 1659 1051 1700 tunc
1087 1653 1213 1701 forte
1246 1651 1440 1715 parenti
1793 1694 1795 1696 .

133 1731 369 1796 proxima,
409 1733 531 1781 dum
568 1740 715 1781 coetu
753 1733 1018 1795 Capaneus
1053 1733 1282 1781 laudatur
1316 1734 1381 1782 ab
1418 1731 1556 1782 omni
1753 1750 1803 1793 70
1832 1742 1835 1743 ’

136 1813 267 1862 Ditis
305 1822 354 1863 et
389 1812 636 1876 insignem
673 1812 852 1876 Stygiis
886 1815 1021 1862 fovet
1054 1813 1288 1863 amnibus
1323 1815 1566 1864 umbram.

135 1894 360 1959 protinus
396 1894 607 1957 abrupta
642 1902 879 1943 terrarum
915 1895 1048 1943 mole
1084 1895 1178 1943 sub
1213 1894 1355 1943 astris
1411 1918 1417 1924 ·

135 1975 369 2035 constitit,
409 1977 655 2025 exsultant
692 1978 886 2037 Manes,
925 1984 1268 2041 quantumque
1302 1978 1579 2041 profundae

134 2066 388 2107 rarescunt
423 2057 671 2119 tenebrae,
710 2066 903 2106 tantum
939 2059 1003 2107 de
1038 2059 1149 2107 luce
1184 2058 1398 2111 recessit.

137 2138 317 2203 excipit
351 2147 455 2187 atra
490 2155 629 2188 soror
663 2140 964 2202 dextraeque
998 2138 1179 2189 innexa
1212 2141 1464 2203 profatur:
1756 2158 1804 2201 75
1841 2194 1844 2198 Δ

141 2223 301 2280 ‘Hac‚
340 2236 587 2284 germana,
626 2229 771 2270 tenus
807 2219 961 2284 Stygii
995 2223 1265 2270 metuenda
1298 2220 1515 2285 parentis

137 2301 344 2366 imperia
379 2311 428 2351 et
463 2301 623 2351 iussos
659 2301 800 2365 potui
835 2305 1043 2352 tolerare
1078 2304 1280 2364 furores,

139 2385 244 2433 sola
280 2400 427 2446 super
463 2392 613 2432 terras
649 2383 918 2447 hostilique
954 2383 1102 2433 obvia
1136 2385 1341 2444 mundo,

139 2467 260 2514 dum
297 2481 386 2513 vos
423 2463 648 2527 Elysium
685 2474 735 2514 et
770 2465 926 2514 facilis
962 2465 1278 2529 compescitis
1313 2466 1527 2515 umbras.

140 2563 234 2595 nec
269 2545 482 2610 pretium
519 2547 743 2596 deforme
778 2563 946 2596 morae
982 2546 1208 2611 cassique
1243 2547 1470 2602 labores;
1757 2545 1813 2598 80'

196 2686 245 2724 51
277 2681 368 2714 tum
388 2675 472 2725 ΝΩ
581 2687 633 2726 54
663 2689 744 2717 om.
768 2675 812 2715 P
889 2690 990 2717 aere
1008 2676 1276 2729 Peyramdug
1294 2677 1410 2729 prob.
1427 2677 1672 2716 Kohlmann
1755 2690 1807 2730 57

143 2730 348 2768 exterrita
367 2729 435 2769 P:
463 2730 653 2770 exercita
671 2731 741 2770 ωδ
896 2743 950 2782 59
978 2733 1077 2772 tuba
1107 2732 1261 2771 retinui
1283 2732 1366 2771 coll.
1387 2731 1532 2771 Claud.
1547 2731 1668 2772 Pros.
1683 2733 1710 2772 i.
1732 2745 1810 2783 15:

143 2797 252 2834 pyra
270 2783 467 2834 Postgate
486 2799 494 2823 :
525 2798 650 2825 manu
669 2785 822 2834 Imhof
874 2786 964 2825 fidit
983 2786 1070 2825 ΡΝ
1073 2786 1087 2809 ²
1109 2801 1119 2827 :
1147 2792 1265 2826 retur
1282 2785 1392 2825 oeSA
1494 2789 1550 2826 60
1578 2786 1750 2826 interna
1768 2786 1817 2826 N
1846 2801 1849 2813 ²

143 2841 196 2876 62
226 2839 423 2878 concedit
456 2839 580 2889 PBQ
762 2843 815 2891 64
844 2841 969 2890 elysii
988 2840 1033 2879 P
1165 2841 1282 2891 regis
1299 2840 1357 2878 P²
1536 2842 1591 2879 68
1619 2842 1810 2892 respexit
1855 2849 1877 2894 [;

141 2891 337 2943 PDNQ:
366 2894 591 2945 prospexit
610 2893 701 2933 ΒΚ
860 2898 915 2947 69
944 2902 1032 2935 tum
1052 2894 1094 2946 Q
1257 2907 1306 2946 71
1337 2894 1537 2944 omnibus
1553 2894 1596 2933 P
1858 2911 1861 2916 ¹
1881 2896 1884 2897 ⁷
