1884 3204
135 114 187 161 P.
227 114 470 163 ΡΑΡῙΝΙ
507 115 712 164 STATI

133 251 306 316 implet
340 270 482 317 agros
517 255 768 317 longoque
801 254 981 305 attollit
1017 257 1217 319 pulvere
1252 273 1500 320 campum.

134 348 237 380 non
271 332 411 383 aliter
446 333 591 383 silvas
626 335 807 384 umeris
844 345 892 385 et
928 345 1139 400 utroque
1174 338 1444 401 refringens

133 421 333 475 pectore
368 423 609 463 montano
644 416 827 479 duplex
863 418 1086 480 Hylaeus
1121 418 1186 467 ab
1220 427 1362 467 antro

132 493 450 558 praecipitat:
498 504 644 558 pavet
681 497 808 546 Ossa
841 497 957 559 vias,
996 500 1315 563 pecudesque
1350 501 1580 563 feraeque

132 575 440 636 procubuere
476 585 611 626 metu
632 595 647 638 3
692 594 795 627 non
830 578 949 641 ipsis
982 579 1211 628 fratribus
1247 581 1418 629 horror

132 654 267 715 afuit,
306 654 494 719 ingenti
529 659 692 706 donec
728 658 911 708 Peneia
947 661 1072 708 saltu

133 744 305 799 stagna
339 737 472 786 subit
507 755 843 802 magnumque
878 739 1102 789 obiectus
1138 741 1328 790 detinet
1362 757 1578 797 amnem.

202 816 329 878 Quis
364 835 627 867 numerum
663 819 774 868 ferri
808 819 1068 883 gentisque
1104 830 1153 870 et
1188 816 1368 871 robora
1402 821 1539 871 dictu

131 897 352 959 aequarit
388 901 593 947 mortale
628 902 849 948 sonans?
895 917 1013 949 suus
1049 900 1176 959 excit
1211 901 1263 949 in
1298 918 1434 951 arma

130 977 387 1040 antiquam
423 978 664 1042 Tiryntha
698 981 855 1040 deus;
901 997 1004 1029 non
1039 981 1250 1030 fortibus
1287 982 1370 1030 illa

130 1057 400 1108 infecunda
433 1058 546 1108 viris
582 1061 804 1110 famaeve
839 1060 1071 1110 immanis
1105 1062 1295 1110 alumni

131 1140 410 1203 degenerat,
449 1141 538 1189 sed
573 1142 710 1204 lapsa
746 1140 843 1190 situ
877 1143 1086 1202 fortuna,
1125 1159 1289 1206 neque
1323 1144 1518 1192 addunt

132 1220 282 1269 robur
317 1237 473 1284 opes;
520 1238 655 1270 rarus
691 1221 860 1271 vacuis
895 1222 1144 1272 habitator
1178 1222 1230 1271 in
1264 1222 1390 1272 arvis

136 1310 378 1351 monstrat
414 1303 692 1366 Cyclopum
728 1304 902 1352 ductas
940 1303 1204 1353 sudoribus
1239 1320 1391 1353 arces.

1718 438 1796 480 140

1721 838 1797 882 145
1837 827 1842 833 ’

1722 1244 1798 1286 150
1844 1200 1847 1206 Δ

132 1383 217 1431 dat
252 1391 419 1431 tamen
455 1384 579 1432 haec
614 1383 850 1432 iuvenum
886 1393 1163 1434 tercentum
1197 1394 1410 1448 pectora,
1449 1386 1623 1448 vulgus
1708 1420 1711 1423 v
1797 1406 1798 1409 ¹

129 1462 447 1511 innumerum
483 1463 628 1523 bello,
669 1463 849 1527 quibus
884 1465 1020 1514 haud
1055 1474 1309 1514 ammenta
1343 1482 1436 1514 nec
1473 1483 1616 1516 enses

129 1543 265 1592 triste
301 1543 519 1592 micant:
566 1546 721 1594 flavae
755 1544 906 1608 capiti
941 1554 1177 1609 tergoque
1212 1548 1416 1595 leonum

130 1624 333 1673 exuviae
366 1624 562 1688 gentilis
597 1626 773 1686 honOS,
812 1635 861 1675 et
895 1625 1072 1689 pineus
1107 1636 1266 1676 armat

130 1705 295 1769 stipes,
333 1705 635 1755 inexhaustis
670 1715 888 1756 artantur
919 1710 1017 1757 tela
1052 1708 1306 1772 pharetris.

132 1789 441 1837 Herculeum
475 1804 667 1850 paeana
701 1798 900 1849 canunt,
938 1798 1226 1853 vastataque
1261 1789 1494 1839 monstris

129 1868 327 1924 omnia;
373 1870 610 1918 frondosa
643 1871 847 1933 longum
883 1871 1007 1919 deus
1041 1870 1180 1920 audit
1215 1871 1279 1919 ab
1316 1871 1458 1920 Oeta.

129 1951 215 1999 dat
251 1951 445 1999 Nemea
480 1949 702 2010 comites,
740 1959 789 1999 et
825 1967 947 2013 quas
983 1951 1034 1998 in
1070 1951 1256 2014 proelia
1290 1951 1403 2000 viris
1450 1961 1453 1964 ⁴

129 2046 264 2078 sacra
300 2029 538 2080 Cleonaei
574 2038 759 2093 cogunt
794 2030 961 2080 vineta
997 2031 1261 2081 Molorchi.

127 2110 280 2174 gloria
315 2120 434 2159 nota
472 2127 630 2171 casae,
669 2110 858 2160 foribus
897 2111 1127 2161 simulata
1162 2111 1360 2176 salignis

127 2190 335 2255 hospitis
371 2208 510 2239 arma
545 2190 642 2251 dei,
683 2208 936 2255 parvoque
971 2192 1249 2242 ostenditur
1283 2209 1415 2254 arvo,

126 2273 277 2322 robur
311 2272 398 2321 ubi
434 2281 482 2321 et
521 2274 657 2321 laxos
694 2289 794 2336 qua
828 2273 1135 2323 reclinaverit
1169 2290 1311 2323 arcus

126 2352 250 2413 ilice,
291 2369 390 2417 qua
425 2352 582 2401 cubiti
619 2354 826 2402 sedeant
861 2354 1066 2418 vestigia
1101 2363 1239 2404 terra.

193 2437 262 2483 At
297 2435 451 2498 pedes
487 2443 535 2483 et
571 2443 678 2483 toto
711 2436 1010 2498 ‚despectans
1046 2435 1228 2485 vertice
1264 2435 1452 2484 bellum

127 2524 359 2579 quattuor
393 2514 649 2564 indomitis
686 2516 950 2579 Capaneus
986 2525 1154 2580 erepta
1188 2515 1410 2565 iuvencis

126 2606 260 2661 terga
296 2613 543 2660 superque
579 2595 740 2660 rigens
775 2596 962 2646 iniectu
998 2597 1143 2646 molis
1178 2614 1333 2646 aenae

1722 1648 1797 1691 Ῑ55
1843 1659 1846 1662 ’

1720 2041 1800 2083 160

1723 2445 1796 2498 165
1834 2448 1838 2450 ’
1854 2464 1858 2503 j

183 2733 257 2772 '141
291 2724 541 2774 praecipitat
579 2723 727 2774 (pavet
765 2723 895 2775 Ossa)
933 2725 1028 2764 vias
1064 2725 1241 2765 Mueller
1407 2737 1484 2775 145
1531 2726 1653 2779 ferri]
1695 2727 1796 2767 belli
1855 2747 1858 2763 ;

133 2779 305 2818 Wilkins
392 2779 506 2817 dictu
524 2777 688 2818 PDNS
706 2792 714 2818 :
746 2779 858 2818 dicto
872 2778 1002 2829 BQK
1015 2778 1069 2831 (ἒ)
1240 2781 1318 2829 148
1346 2779 1537 2820 famaeve
1554 2780 1768 2820 Baehrens
1786 2795 1796 2821 :

126 2834 318 2882 famaque
351 2831 492 2874 codd.;
529 2832 605 2871 sed
627 2846 748 2873 casus
776 2833 981 2872 ablativus
1008 2846 1104 2872 cum
1133 2833 1251 2874 verbo
1282 2834 1547 2884 degenerare
1581 2848 1796 2886 nusquam
1840 2864 1847 2871 .

127 2888 326 2938 reperitur
453 2898 529 2936 154
561 2887 775 2927 ssavaeP:
807 2888 963 2926 flavent
982 2892 1064 2928 cett.
1209 2889 1396 2938 161-164
1425 2888 1606 2929 damnat
1623 2888 1801 2929 Mueller

131 2943 206 2982 162
235 2953 336 2982 auro
358 2940 419 2992 (in
439 2942 540 2993 ras.)
563 2941 608 2980 D
720 2943 797 2980 166
825 2947 967 2981 erecta
985 2941 1028 2980 A
