1884 3204
1017 73 1427 122 THEBAIDOS
1466 75 1681 122 LIBER
1715 77 1762 122 V

115 211 211 261 iam
247 218 410 275 stupet
441 209 734 272 impendens
769 210 1102 271 advectosque
1138 209 1335 258 horrida
1370 218 1559 259 maesto

83 337 86 346 ,
114 291 294 342 excutit
327 307 410 340 ore
443 289 595 348 cibos,
633 305 748 337 cum
783 290 916 337 solus
952 287 1003 336 in
1037 288 1211 337 arbore
1245 298 1382 352 paret

114 370 306 435 sanguis
341 379 389 419 et
423 378 635 418 errantes
671 384 757 432 per
791 377 935 431 capta
969 367 1151 416 cubilia
1185 370 1397 431 plumae.

177 453 245 499 Vt
277 451 461 498 laceros
495 458 626 497 artus
661 447 846 512 gremio
881 447 1160 496 miseranda
1193 448 1376 512 recepit
1678 456 1757 509 605

109 529 375 593 intexitque
410 528 578 589 comis,
617 530 818 578 tandem
854 530 1012 576 laxata
1047 528 1206 577 dolori

78 627 202 660 *vox
235 609 419 658 invenit
453 608 554 668 iter,
592 608 903 672 gemitusque
938 607 989 656 in
1024 609 1174 656 verba
1208 600 1390 657 soluti:

94 691 186 749 VV‘O
223 689 343 738 mihi
377 690 597 738 desertae
631 697 857 738 natorum
894 688 1052 738 duleis
1088 687 1264 752 imago,

106 770 420 829 Archemore,
457 785 488 818 o
523 785 683 818 rerum
720 778 768 818 et
802 768 987 832 patriae
1022 769 1244 818 solamen
1279 770 1542 832 ademptae

14 865 19 879 ··
96 848 382 912 servitiique
416 851 580 908 decus,
620 849 705 913 qui
739 859 801 910 te,
839 866 951 898 mea
983 849 1176 913 gaudia,
1214 859 1380 898 sontes
1675 855 1758 897 610

14 939 18 988 ξ
48 933 53 939 “
104 928 373 978 exstinxere
407 929 502 990 dei,
541 932 693 980 modo
729 947 878 993 quem
914 930 1130 994 digressa
1164 930 1338 994 reliqui

16 1053 17 1056 ,
57 1010 66 1018 “
103 1009 336 1058 lascivum
373 1019 422 1059 et
455 1025 613 1074 prono
648 1020 906 1060 vexantem
942 1011 1162 1074 gramina
1196 1013 1378 1060 cursu?

72 1118 76 1123 -
103 1091 200 1139 heu
235 1090 322 1139 ubi
357 1090 533 1140 siderei
567 1093 766 1140 vultus?
812 1091 898 1140 ubi
932 1091 1081 1140 verba
1115 1091 1273 1155 ligatis

102 1169 386 1233 imperfecta
421 1171 555 1220 sonis
589 1171 813 1234 risusque
849 1180 898 1220 et
933 1188 1183 1220 murmura
1219 1171 1310 1221 soli

12 1311 15 1319 J
100 1248 348 1299 intellecta
382 1251 543 1299 mihi?
588 1251 818 1314 quotiens
855 1251 945 1300 tibi
981 1255 1211 1301 Lemnon
1247 1261 1296 1300 et
1331 1255 1465 1314 Argo
1672 1258 1720 1298 61
1730 1273 1753 1313 5

19 1392 20 1395 Ἴ
101 1339 239 1379 sueta
272 1331 408 1393 loqui
443 1340 492 1380 et
527 1333 674 1395 longa
707 1349 939 1381 somnum
975 1334 1182 1382 suadere
1218 1334 1446 1395 querela!

11 1392 14 1407 ι
101 1409 171 1459 sic
205 1410 435 1473 equidem
471 1413 632 1460 luctus
667 1413 863 1461 solabar
897 1421 945 1460 et
980 1413 1134 1461 ubera
1167 1429 1318 1474 parvo

99 1487 197 1538 iam
231 1499 449 1539 materna
483 1492 678 1552 dabam,
718 1491 797 1540 cui
832 1509 966 1541 nune
1000 1492 1135 1541 venit
1170 1492 1342 1541 inritus
1379 1494 1528 1542 orbae

98 1569 236 1619 lactis
270 1580 319 1619 et
352 1571 519 1620 infelix
555 1572 604 1620 in
640 1574 842 1622 vulnera
874 1572 1075 1636 liquitur
1109 1572 1280 1622 imber.

97 1666 251 1700 nosco
285 1652 434 1701 deos:
482 1669 512 1700 o
547 1669 660 1701 vera
694 1652 792 1701 mei
826 1653 1076 1716 praesagia
1110 1653 1273 1702 somni
1671 1664 1758 1704 620

97 1731 422 1795 nocturnique
457 1742 629 1792 metus,
668 1742 717 1781 et
751 1746 1024 1796 numquam
1059 1733 1262 1796 impune
1298 1750 1384 1796 per
1418 1734 1617 1784 umbras

96 1811 332 1860 attonitae
367 1812 488 1861 mihi
522 1812 624 1861 visa
661 1816 862 1862 Venus!
910 1831 1035 1876 quos
1070 1831 1222 1877 arguo
1257 1814 1439 1863 divos?

34 1882 37 1886 ’
97 1889 202 1955 ipsa
237 1909 328 1955 ego
364 1902 412 1941 te
448 1893 590 1958 (quid
625 1893 757 1942 enim
794 1894 995 1943 timeam
1033 1893 1266 1942 moritura
1300 1894 1439 1943 fateri
1457 1894 1500 1960 ?)

97 1972 300 2035 exposui
333 1972 456 2021 fatis.
529 1989 656 2036 quae
691 1984 910 2023 mentem
945 1974 1135 2022 insania
1170 1974 1350 2023 traxit?

95 2058 296 2102 tantane
331 2070 411 2101 me
446 2062 611 2102 tantae
646 2062 846 2103 tenuere
882 2054 1064 2103 oblivia
1099 2058 1281 2104 curae?
1669 2066 1718 2106 62
1728 2079 1749 2119 5

97 2134 214 2182 dum
252 2133 432 2196 patrios
467 2150 608 2183 casus
643 2136 901 2198 famaeque
936 2152 1107 2184 exorsa
1141 2144 1349 2184 retracto

95 2212 357 2261 ambitiosa
392 2230 531 2262 meae
568 2214 744 2278 (pietas
780 2217 902 2264 haec
939 2232 1116 2279 magna
1153 2217 1376 2279 fidesque
1400 2217 1448 2280 1),

96 2292 279 2341 exsolvi
314 2293 417 2353 tibi,
457 2296 660 2355 Lemne,
699 2297 850 2344 nefas.
923 2296 1010 2344 ubi
1044 2296 1202 2345 letifer
1236 2297 1422 2360 anguis,

1 2422 8 2430 ,χ
93 2373 226 2432 ferte,
265 2375 431 2433 duces,
470 2374 627 2423 meriti
664 2375 703 2424 si
739 2393 837 2439 qua
872 2386 945 2425 est
981 2377 1102 2425 mihi
1137 2377 1290 2440 gratia
1324 2379 1446 2438 duri,

2 2446 8 2491 Ξῑ
75 2451 134 2503 Αεἰ
168 2452 278 2516 quis
313 2446 472 2502 honos
508 2455 651 2504 dietis
669 2474 682 2516 3
727 2466 811 2505 aut
846 2475 933 2507 vos
970 2457 1261 2521 exstinguite
1295 2460 1435 2519 ferro,
1666 2472 1749 2523 630

7 2529 9 2542 '
42 2588 44 2591 ¹
91 2548 156 2580 ne
190 2532 336 2582 tristis
373 2535 614 2594 dominos
640 2538 912 2601 orbamque
947 2539 1147 2587 inimica
1182 2537 1390 2587 revisam

125 2661 224 2713 Δ602
254 2661 338 2700 iam
364 2667 506 2712 stupet
524 2662 592 2703 P:
624 2669 707 2703 stat
737 2678 865 2717 super
882 2666 949 2706 ωΞ
1177 2668 1256 2716 603
1288 2674 1409 2717 paret
1438 2669 1585 2720 PDG)
1611 2686 1620 2711 ε
1649 2685 1746 2712 cara

91 2718 171 2754 cett.
354 2718 434 2764 604
463 2729 630 2766 pennae
654 2718 696 2755 A
863 2722 943 2760 606
973 2722 1128 2761 lassata
1151 2722 1190 2771 Q
1323 2724 1469 2762 dolore
1490 2725 1601 2765 codd.
1609 2756 1620 2775 ,
1638 2739 1741 2766 corr.

89 2762 304 2817 Heinsius,
342 2769 508 2820 Bentley
668 2774 748 2822 615
777 2787 903 2824 argos
942 2776 1070 2825 codd„
1107 2790 1206 2818 corr.
1251 2778 1484 2818 Gronovius
1665 2782 1745 2819 618

90 2822 217 2861 orbae
236 2821 298 2861 P:
328 2824 391 2862 ori
410 2824 500 2876 045
512 2825 545 2876 3]
569 2825 665 2878 (ors
682 2827 742 2879 B)
852 2831 931 2879 619
958 2830 1111 2869 labitur
1128 2832 1190 2869 Α2
1317 2835 1398 2871 620
1427 2846 1526 2872 vera
1545 2833 1741 2873 Mueller:

5 2874 7 2883 ’
92 2876 196 2916 dura
215 2876 326 2919 codd.

1585 2945 1636 2981 91ς
