1884 3204
110 105 162 152 P.
203 105 448 153 ΡΑΡΙΝΙ
486 105 693 154 STATI

211 251 332 292 tunc
367 243 530 292 mollis
564 260 771 307 gressus,
810 253 929 294 tunc
962 254 1251 310 aspernatur
1283 246 1495 297 amictus

214 325 326 387 plus
362 324 509 374 solito
544 325 828 389 rumpitque
862 328 1042 376 choros
1077 337 1126 378 et
1162 328 1374 392 plurima
1406 329 1584 381 turbat.

117 410 194 464 165
217 404 287 453 sic
322 404 664 469 indignantem
700 409 893 471 thyrsos
928 419 1233 473 acceptaque
1269 410 1436 459 matris

214 494 450 550 tympana
483 487 583 536 iam
618 487 778 537 tristes
813 489 1105 552 spectabant
1141 492 1365 541 Penthea
1397 491 1624 542 Thebae.
1697 498 1780 553 840

283 569 551 617 Solvuntur
584 570 785 618 laudata
819 572 998 620 cohors
1033 581 1362 636 repetuntque
1397 581 1603 635 paterna

214 648 400 710 limina,
439 650 527 699 ubi
561 649 614 699 in
649 651 845 701 mediae
879 651 1173 702 iamdudum
1210 653 1412 703 sedibus
1446 655 1589 703 aulae

215 747 422 780 munera
454 731 699 795 virgineos
733 732 865 781 visus
901 742 1112 782 tractura
1145 736 1330 784 locarat

118 827 196 871 170
220 811 456 874 Tydides,
494 812 690 875 signum
726 813 929 877 hospitii
963 814 1277 878 pretiumque
1311 815 1508 876 laboris,

215 893 537 956 hortaturque
571 894 754 957 legant,
789 911 883 943 nec
918 911 1001 943 rex
1035 895 1399 958 placidissimus
1433 902 1591 946 arcet,
1698 907 1778 958 845
1864 884 1870 941 f

214 974 316 1022 heu
351 973 560 1037 simplex
594 974 905 1038 nimiumque
939 976 1088 1037 rudis,
1128 976 1214 1040 qui
1249 977 1427 1027 callida
1452 980 1595 1028 ‘dona
1864 964 1871 974 Γ

217 1054 581 1119 Graiorumque
617 1058 761 1106 dolos
797 1057 1087 1121 variumque
1122 1057 1314 1122 ignoret
1349 1059 1546 1108 Vlixem
1566 1063 1587 1108 1¹

214 1135 297 1185 hic
331 1136 471 1197 aliae,
508 1154 632 1201 quas
668 1155 812 1187 sexus
847 1138 977 1188 iners
1013 1148 1287 1203 naturaque
1322 1140 1473 1201 ducit,

117 1236 192 1278 175
218 1227 304 1266 aut
338 1218 504 1267 teretis
539 1220 733 1282 thyrsos
767 1229 853 1269 aut
887 1220 1241 1284 respondentia
1275 1230 1521 1286 temptant

213 1307 462 1363 tympana,
500 1301 761 1364 gemmatis
795 1311 881 1351 aut
915 1311 1123 1352 nectunt
1157 1312 1382 1367 tempora
1415 1302 1614 1356 limbis:
1696 1313 1781 1364 850

213 1397 350 1429 arma
383 1381 555 1431 vident
590 1399 873 1446 magnoque
908 1392 1086 1447 putant
1120 1385 1306 1434 donata
1339 1384 1546 1448 parenti.
1867 1373 1884 1393 Ἰ

213 1471 264 1511 at
298 1464 429 1512 ferus
464 1463 724 1525 Aeacides,
763 1464 1037 1514 radiantem
1073 1475 1128 1515 ut
1162 1465 1443 1515 comminus
1478 1466 1668 1528 orbem,

214 1546 460 1594 caelatum
495 1562 686 1609 pugnas
724 1545 902 1610 (saevis
937 1556 987 1596 et
1022 1548 1147 1596 forte
1182 1548 1394 1597 rubebat

117 1635 194 1673 180
218 1626 463 1675 bellorum
498 1628 727 1693 maculis)
762 1628 1011 1679 adclinem
1047 1628 1290 1692 conspicit
1324 1630 1509 1689 hastae,

215 1707 467 1757 infremuit
501 1709 742 1773 torsitque
775 1727 940 1774 genas,
980 1720 1029 1759 et
1063 1712 1225 1759 fronte
1259 1709 1429 1759 relicta
1697 1721 1777 1773 855

214 1805 463 1840 surrexere
491 1799 704 1852 'comae3
743 1808 991 1855 nusquam
1028 1793 1262 1841 mandata
1295 1791 1525 1855 parentis,

214 1888 462 1935 nusquam
495 1874 720 1921 occultus
754 1889 906 1932 amor,
944 1881 1152 1936 totoque
1182 1872 1234 1921 in
1269 1882 1471 1936 pectore
1504 1872 1656 1924 Troia
1690 1883 1776 1923 est.

215 1961 270 2001 ut
304 1954 398 2013 leo,
438 1962 662 2002 materno
698 1970 814 2003 cum
850 1963 1017 2018 raptus
1051 1954 1118 2003 ab
1153 1954 1305 2003 ubere
1334 1971 1517 2005 mores·

118 2041 195 2092 185
223 2032 415 2096 accepit
451 2033 683 2098 pectique
718 2034 861 2084 iubas
897 2034 1255 2098 hominemque
1290 2034 1444 2084 vereri

214 2114 420 2164 edidicit
454 2117 715 2179 nullasque
750 2115 855 2180 rapi
890 2115 985 2165 nisi
1020 2116 1181 2165 iussus
1216 2116 1268 2165 in
1304 2116 1412 2177 iras,
1698 2123 1782 2167 860

214 2196 255 2245 si
291 2198 445 2245 semel
480 2198 689 2246 adverso
723 2197 931 2247 radiavit
966 2197 1154 2247 lumine
1188 2199 1389 2258 ferrum,

213 2277 400 2326 eiurata
435 2279 561 2327 fides
597 2278 916 2342 domitorque
950 2278 1194 2339 inimicus,
1238 2278 1289 2327 in
1325 2278 1465 2327 illum

211 2359 372 2422 prima
405 2361 575 2420 fames,
614 2359 894 2424 timidoque
928 2362 1085 2424 pudet
1120 2359 1326 2409 servisse
1360 2359 1607 2424 magistro.

116 2461 195 2503 190
219 2450 274 2490 ut
308 2457 425 2491 vero
459 2440 667 2490 accessit
701 2441 904 2505 propius
940 2443 1123 2506 luxque
1157 2443 1353 2491 aemula
1386 2443 1579 2491 vultum

167 2572 251 2620 840
279 2570 524 2621 penthebae
543 2570 585 2608 P
746 2572 829 2621 843
858 2584 1035 2611 numera
1055 2570 1098 2609 P
1256 2572 1339 2621 844
1374 2570 1493 2612 labor
1512 2570 1554 2610 P
1627 2557 1630 2560 Δ
1701 2571 1781 2622 847
1862 2619 1867 2630 ο

113 2626 361 2675 vastumque
380 2625 600 2675 Heinsius,
607 2626 711 2678 jbrl.
736 2631 834 2665 recte
941 2626 1108 2675 ignorat
1129 2625 1217 2664 EI<
1233 2628 1455 2679 (suprascr.
1477 2639 1502 2665 e
1519 2625 1562 2664 E
1568 2624 1604 2678 ¹)
1699 2626 1782 2675 848
1866 2630 1884 2658 ⁵<

113 2693 197 2729 qua
217 2693 349 2720 sexus
370 2680 483 2719 inest
502 2679 547 2719 P
706 2682 789 2731 849
817 2687 933 2720 teres
951 2680 993 2719 E
1141 2682 1219 2731 851
1255 2681 1370 2719 dona
1387 2680 1429 2718 E
1434 2678 1450 2704 ¹
1595 2680 1677 2730 852
1707 2686 1780 2718 aut

116 2735 232 2774 ferus
253 2734 295 2773 E
404 2736 485 2784 854
517 2735 681 2774 hastam
701 2735 743 2773 E
852 2736 932 2784 855
964 2734 1123 2774 lictaE
1250 2735 1332 2785 858
1365 2734 1482 2787 cum]
1505 2733 1595 2784 qE
1699 2734 1782 2773 860
1854 2743 1863 2790 ζ

116 2789 254 2838 rapini
274 2789 315 2827 E
481 2790 562 2827 862
595 2790 784 2828 abiurata
804 2789 873 2828 Ε.
906 2796 950 2828 et
970 2789 1110 2829 iurata
1129 2788 1168 2839 Q
1309 2790 1390 2838 863
1426 2789 1559 2839 pudet
1594 2788 1781 2827 servisse

115 2842 227 2891 EQ.
254 2855 326 2882 ser
345 2856 472 2882 uesse
502 2844 529 2895 <i
562 2850 653 2894 sup.
686 2857 710 2882 e
733 2845 863 2894 pn‘or.
882 2843 979 2883 add.
1011 2842 1091 2898 E2)
1125 2844 1191 2883 E:
1234 2843 1350 2883 iuvet
1382 2841 1631 2883 servireP:
1665 2842 1782 2882 iuvat
1865 2859 1884 2905 Ξ

115 2909 228 2936 serv-
232 2909 304 2937 sse
318 2897 366 2936 K
378 2898 462 2951 (3).
482 2898 605 2938 rubet
624 2898 787 2939 servire
806 2898 957 2939 Krolm
