1884 3204
185 117 241 164 P.'
279 115 524 189 PAP1N1
560 115 771 165 STATI

184 252 496 317 sceptriferae
532 252 741 302 Iunonis
777 269 925 317 opem
961 254 1277 320 reditumque
1311 273 1513 306 suorum

184 342 471 397 exposcunt,
508 333 765 397 pictasque
799 333 916 383 foris
952 334 1002 385 et
1035 335 1210 400 frigida
1244 339 1382 386 vultu

184 430 299 471 saxa
334 423 497 463 terunt
531 431 809 479 parvosque
844 417 1029 466 docent
1063 419 1389 481 procumbere
1424 427 1581 483 natos.

184 494 512 550 condiderant
547 494 646 544 iam
681 505 798 546 vota
832 496 997 559 diem3
1042 515 1143 548 nox
1176 499 1348 548 addita
1383 516 1524 548 curas

183 574 354 639 iungit,
392 585 442 625 et
476 576 677 640 ingestis
712 577 914 643 vigilant
947 579 1119 628 altaria
1152 580 1379 629 flammis,

182 658 386 720 peplum
423 657 572 706 etiam
608 660 759 719 dono,
796 659 937 708 cuius
972 660 1197 710 mirabile
1231 670 1419 711 textum

183 739 319 786 nulla
354 740 507 787 manu
541 739 717 788 sterilis
751 756 845 789 nec
881 740 1146 790 dissociata
1180 741 1356 791 marito

182 828 409 879 versarat,
448 819 653 868 calathis
688 829 853 869 castae
887 821 1134 870 velamina
1167 822 1311 872 divae

182 897 317 947 haud
353 901 633 962 spernenda
667 902 842 960 ferunt,
879 901 1024 950 variis
1058 903 1144 951 ubi
1180 903 1391 966 plurima
1425 906 1567 954 floret

182 995 399 1042 purpura
432 979 566 1043 picta
600 981 763 1029 modis
799 981 1055 1046 mixtoque
1090 982 1371 1033 incenditur
1404 1002 1538 1034 auro.

183 1059 290 1123 ipsa
323 1059 423 1109 illic
459 1060 626 1123 magni
661 1062 881 1111 thalamo
916 1064 1166 1127 desponsa
1199 1065 1457 1125 Tonantis,

182 1157 354 1204 expers
390 1141 595 1191 conubii
630 1151 680 1191 et
715 1142 890 1192 timide
924 1143 1145 1207 positura
1179 1162 1412 1206 sororem,

182 1221 371 1271 lumine
407 1221 625 1272 demisso
661 1223 801 1287 pueri
838 1224 972 1274 Iovis
1008 1228 1178 1276 oscula
1212 1227 1335 1276 libat

181 1303 391 1367 simplex
426 1312 475 1352 et
510 1306 738 1354 nondum
774 1305 914 1355 furtis
950 1307 1140 1357 offensa
1174 1309 1348 1358 mariti.

182 1387 279 1435 hoc
314 1394 434 1434 tunc
469 1385 731 1450 Argolicae
765 1397 993 1437 sanctum
1029 1389 1274 1440 velamine
1310 1400 1489 1441 matres

181 1466 446 1516 induerant
482 1467 618 1526 ebur,
656 1475 706 1516 et
741 1467 954 1517 lacrimis
990 1478 1270 1534 questuque
1305 1472 1574 1535 rogabant:

185 1553 196 1573 ⁶
212 1546 397 1612 Aspice
433 1547 691 1611 sacrilegas
728 1550 982 1599 Cadmeae
1016 1550 1218 1614 paelicis
1252 1569 1402 1612 arceS,

182 1627 359 1678 siderei
393 1628 561 1692 regina
594 1630 710 1692 poli,
749 1632 1096 1695 tumulumque
1130 1633 1365 1683 rebellem

181 1708 335 1758 disice
371 1718 421 1759 et
454 1709 506 1758 in
542 1711 745 1760 Thebas
779 1711 916 1761 aliud
955 1711 1138 1778 (potes)
1174 1723 1349 1764 excute
1384 1716 1603 1765 fulmen.'

182 1789 304 1854 quid
339 1789 522 1839 faciat?
569 1790 662 1840 scit
699 1793 821 1841 Fata
855 1792 956 1842 suis
993 1794 1236 1843 contraria
1272 1795 1414 1845 Grais

181 1886 510 1935 aversumque
547 1874 735 1933 Iovem,
774 1874 863 1922 sed
898 1890 992 1923 nec
1026 1874 1229 1938 periisse
1263 1882 1492 1940 precatus

182 1960 419 2015 tantaque
454 1954 590 2002 dona
623 1953 741 2003 velit
757 1972 771 2015 3
818 1963 1015 2019 tempus
1051 1964 1219 2005 tamen
1255 1957 1402 2007 obvia
1437 1959 1603 2023 magni

181 2033 280 2082 fors
317 2033 457 2083 dedit
491 2033 671 2083 auxilii.
745 2034 881 2086 videt
915 2038 1016 2086 alto
1052 2053 1112 2086 ex
1145 2039 1344 2088 aethere
1380 2041 1547 2089 clausa

184 2114 381 2164 moenia
416 2124 465 2164 et
499 2114 717 2165 insomni
751 2118 935 2166 vallum
972 2117 1184 2168 statione
1220 2119 1404 2169 teneri:

183 2195 372 2244 horruit
406 2195 588 2245 irarum
625 2196 836 2247 stimulis
873 2208 1109 2263 motaque
1144 2203 1417 2250 verendum

182 2276 397 2326 turbavit
432 2277 666 2344 diadema
701 2296 875 2329 coma:
922 2297 1027 2330 non
1061 2281 1254 2331 saevius
1288 2283 1419 2343 arsit,

185 2358 467 2408 Herculeae
502 2377 617 2409 cum
654 2361 822 2411 matris
858 2379 985 2411 onus
1019 2363 1345 2428 geminosque
1380 2366 1623 2416 Tonantis

183 2440 436 2490 secubitus
471 2441 640 2491 vacuis
674 2442 1012 2507 indignaretur
1045 2444 1096 2493 in
1132 2445 1286 2495 astris.

183 2538 299 2586 ergo
334 2521 633 2586 intempesta
667 2524 830 2574 somni
865 2525 1132 2576 dulcedine
1167 2536 1340 2591 captos

238 2663 292 2702 55
320 2651 584 2702 ingestisP:
613 2653 804 2703 adgestis
823 2653 895 2694 ωδ·
1071 2666 1122 2705 57
1155 2668 1281 2695 manu
1295 2656 1358 2695 P:
1388 2669 1539 2698 manus
1558 2658 1628 2698 ωδ
1781 2671 1828 2753 Β

181 2707 375 2746 vertebat
395 2705 441 2744 P
544 2719 599 2757 59
627 2710 857 2748 sternenda
877 2708 1013 2748 serum
1031 2708 1076 2747 P
1162 2710 1274 2750 foret
1287 2712 1515 2763 (suprascr.
1537 2713 1673 2753 fervet
1685 2712 1769 2766 P2)

185 2761 277 2799 ssori
291 2760 333 2799 A
353 2775 364 2800 :
394 2760 528 2811 fulget
551 2761 646 2802 Cod.
672 2762 788 2816 Corp.
901 2765 956 2802 62
984 2764 1168 2803 furorem
1190 2767 1257 2817 (ex
1272 2778 1362 2805 sor·
1382 2768 1507 2817 corr.)
1526 2766 1588 2805 132
1607 2781 1617 2807 τ
1645 2768 1809 2819 pudore

186 2815 231 2853 D
366 2817 421 2854 66
449 2816 657 2855 imbuerat
691 2815 747 2856 Ρι
914 2831 962 2868 71
993 2831 1277 2870 aversumque
1305 2819 1499 2871 PDQN:
1546 2823 1799 2873 adversumq

184 2869 273 2907 ΒΚ
434 2881 486 2920 75
514 2883 596 2921 que
616 2884 698 2911 om.
731 2871 780 2911 N
929 2874 982 2924 78
1010 2874 1226 2914 secubitus
1252 2874 1318 2914 P:
1345 2875 1588 2916 succubitus
1615 2876 1699 2916 cod.
1735 2876 1822 2917 Til·

187 2922 295 2974 brog.
316 2937 326 2962 τ
356 2924 607 2965 concubitus
625 2925 695 2965 ωδ
841 2935 843 2938 “
