<?xml version="1.0" encoding="UTF-8"?>
<!DOCTYPE html PUBLIC "-//W3C//DTD XHTML 1.0 Transitional//EN"
    "http://www.w3.org/TR/xhtml1/DTD/xhtml1-transitional.dtd">
<html xmlns="http://www.w3.org/1999/xhtml" xml:lang="en" lang="en">
 <head>
  <title>
</title>
<meta http-equiv="Content-Type" content="text/html;charset=utf-8" />
  <meta name='ocr-system' content='tesseract 3.04.00' />
  <meta name='ocr-capabilities' content='ocr_page ocr_carea ocr_par ocr_line ocrx_word'/>
</head>
<body>
  <div class='ocr_page' id='page_1' title='image "./thebaisetachille00statuoft_0253.png"; bbox 0 0 1884 3204; ppageno 0'>
   <div class='ocr_carea' id='block_1_1' title="bbox 943 59 1717 110">
    <p class='ocr_par' dir='ltr' id='par_1_1' title="bbox 943 59 1717 110">
     <span class='ocr_line' id='line_1_1' title="bbox 943 59 1717 110; baseline -0.001 -1"><span class='ocrx_word' id='word_1_1' title='bbox 943 60 1354 110; x_wconf 89' lang='lat' dir='ltr'>THEBAIDOS</span> <span class='ocrx_word' id='word_1_2' title='bbox 1389 60 1603 109; x_wconf 88' lang='lat' dir='ltr'>LIBER</span> <span class='ocrx_word' id='word_1_3' title='bbox 1642 59 1717 108; x_wconf 91' lang='lat' dir='ltr'>IX</span> 
     </span>
    </p>
   </div>
   <div class='ocr_carea' id='block_1_2' title="bbox 22 195 1722 2438">
    <p class='ocr_par' dir='ltr' id='par_1_2' title="bbox 74 195 1402 270">
     <span class='ocr_line' id='line_1_2' title="bbox 74 195 1402 270; baseline -0.008 -14"><span class='ocrx_word' id='word_1_4' title='bbox 74 202 208 270; x_wconf 89' lang='lat' dir='ltr'>signa</span> <span class='ocrx_word' id='word_1_5' title='bbox 241 201 410 252; x_wconf 84' lang='lat' dir='ltr'><strong>dedit:</strong></span> <span class='ocrx_word' id='word_1_6' title='bbox 456 198 604 248; x_wconf 91' lang='lat' dir='ltr'>mittit</span> <span class='ocrx_word' id='word_1_7' title='bbox 637 197 827 262; x_wconf 89' lang='lat' dir='ltr'>gelidus</span> <span class='ocrx_word' id='word_1_8' title='bbox 862 205 1100 246; x_wconf 89' lang='lat' dir='ltr'>montana</span> <span class='ocrx_word' id='word_1_9' title='bbox 1134 195 1402 247; x_wconf 85' lang='lat' dir='ltr'>Cithaeron</span> 
     </span>
    </p>

    <p class='ocr_par' dir='ltr' id='par_1_3' title="bbox 73 277 1315 344">
     <span class='ocr_line' id='line_1_3' title="bbox 73 277 1315 344; baseline -0.006 -10"><span class='ocrx_word' id='word_1_10' title='bbox 73 282 247 335; x_wconf 84' lang='lat' dir='ltr'>auxilia</span> <span class='ocrx_word' id='word_1_11' title='bbox 280 280 605 344; x_wconf 90' lang='lat' dir='ltr'>antiquasque</span> <span class='ocrx_word' id='word_1_12' title='bbox 639 278 776 327; x_wconf 90' lang='lat' dir='ltr'>nives</span> <span class='ocrx_word' id='word_1_13' title='bbox 811 286 860 326; x_wconf 92' lang='lat' dir='ltr'>et</span> <span class='ocrx_word' id='word_1_14' title='bbox 895 278 1077 341; x_wconf 91' lang='lat' dir='ltr'>pabula</span> <span class='ocrx_word' id='word_1_15' title='bbox 1111 277 1315 326; x_wconf 84' lang='lat' dir='ltr'>brumae</span> 
     </span>
    </p>

    <p class='ocr_par' dir='ltr' id='par_1_4' title="bbox 57 355 1137 423">
     <span class='ocr_line' id='line_1_4' title="bbox 57 355 1137 423; baseline -0.008 -9"><span class='ocrx_word' id='word_1_16' title='bbox 57 355 141 415; x_wconf 48' lang='lat' dir='ltr'>xire</span> <span class='ocrx_word' id='word_1_17' title='bbox 173 361 309 412; x_wconf 89' lang='lat' dir='ltr'>iubet</span> <span class='ocrx_word' id='word_1_18' title='bbox 324 379 338 423; x_wconf 82' lang='lat'>3</span> <span class='ocrx_word' id='word_1_19' title='bbox 385 362 528 409; x_wconf 89' lang='lat' dir='ltr'>frater</span> <span class='ocrx_word' id='word_1_20' title='bbox 561 357 732 408; x_wconf 88' lang='lat' dir='ltr'>tacitas</span> <span class='ocrx_word' id='word_1_21' title='bbox 767 359 964 420; x_wconf 88' lang='lat' dir='ltr'>Asopos</span> <span class='ocrx_word' id='word_1_22' title='bbox 1001 356 1137 406; x_wconf 93' lang='lat' dir='ltr'>eunti</span> 
     </span>
    </p>

    <p class='ocr_par' dir='ltr' id='par_1_5' title="bbox 72 437 1718 588">
     <span class='ocr_line' id='line_1_5' title="bbox 72 437 1718 497; baseline -0.007 -4"><span class='ocrx_word' id='word_1_23' title='bbox 72 441 298 495; x_wconf 90' lang='lat' dir='ltr'>conciliat</span> <span class='ocrx_word' id='word_1_24' title='bbox 330 440 442 490; x_wconf 87' lang='lat' dir='ltr'>viris</span> <span class='ocrx_word' id='word_1_25' title='bbox 478 449 526 489; x_wconf 88' lang='lat' dir='ltr'>et</span> <span class='ocrx_word' id='word_1_26' title='bbox 560 438 736 488; x_wconf 90' lang='lat' dir='ltr'><strong>hiulcis</strong></span> <span class='ocrx_word' id='word_1_27' title='bbox 777 437 980 486; x_wconf 89' lang='lat' dir='ltr'>flumina</span> <span class='ocrx_word' id='word_1_28' title='bbox 1013 437 1150 486; x_wconf 88' lang='lat' dir='ltr'>venis</span> <span class='ocrx_word' id='word_1_29' title='bbox 1636 454 1718 497; x_wconf 84' lang='lat'>450</span> 
     </span>
     <span class='ocr_line' id='line_1_6' title="bbox 73 517 1337 588; baseline -0.008 -14"><span class='ocrx_word' id='word_1_30' title='bbox 73 521 294 588; x_wconf 84' lang='lat' dir='ltr'><strong>suggerit.</strong></span> <span class='ocrx_word' id='word_1_31' title='bbox 364 520 468 585; x_wconf 86' lang='lat' dir='ltr'>ipse</span> <span class='ocrx_word' id='word_1_32' title='bbox 503 536 651 569; x_wconf 86' lang='lat' dir='ltr'>cavae</span> <span class='ocrx_word' id='word_1_33' title='bbox 687 527 927 568; x_wconf 90' lang='lat' dir='ltr'>scrutatur</span> <span class='ocrx_word' id='word_1_34' title='bbox 960 517 1146 566; x_wconf 89' lang='lat' dir='ltr'>viscera</span> <span class='ocrx_word' id='word_1_35' title='bbox 1182 526 1337 565; x_wconf 89' lang='lat' dir='ltr'>terrae</span> 
     </span>
    </p>

    <p class='ocr_par' dir='ltr' id='par_1_6' title="bbox 70 597 1410 667">
     <span class='ocr_line' id='line_1_7' title="bbox 70 597 1410 667; baseline -0.007 -13"><span class='ocrx_word' id='word_1_36' title='bbox 70 612 336 667; x_wconf 84' lang='lat' dir='ltr'>stagnaque</span> <span class='ocrx_word' id='word_1_37' title='bbox 370 599 707 664; x_wconf 90' lang='lat' dir='ltr'>torpentisque</span> <span class='ocrx_word' id='word_1_38' title='bbox 740 600 876 647; x_wconf 89' lang='lat' dir='ltr'>lacus</span> <span class='ocrx_word' id='word_1_39' title='bbox 910 597 1170 662; x_wconf 91' lang='lat' dir='ltr'>pigrasque</span> <span class='ocrx_word' id='word_1_40' title='bbox 1204 598 1410 661; x_wconf 89' lang='lat' dir='ltr'>paludes</span> 
     </span>
    </p>

    <p class='ocr_par' dir='ltr' id='par_1_7' title="bbox 54 670 1359 744">
     <span class='ocr_line' id='line_1_8' title="bbox 54 670 1359 744; baseline -0.005 -12"><span class='ocrx_word' id='word_1_41' title='bbox 54 670 264 742; x_wconf 80' lang='lat' dir='ltr'>excutit,</span> <span class='ocrx_word' id='word_1_42' title='bbox 300 690 450 744; x_wconf 86' lang='lat' dir='ltr'>atque</span> <span class='ocrx_word' id='word_1_43' title='bbox 482 679 654 730; x_wconf 90' lang='lat' dir='ltr'>avidos</span> <span class='ocrx_word' id='word_1_44' title='bbox 689 681 867 728; x_wconf 89' lang='lat' dir='ltr'>tollens</span> <span class='ocrx_word' id='word_1_45' title='bbox 902 679 966 727; x_wconf 94' lang='lat' dir='ltr'>ad</span> <span class='ocrx_word' id='word_1_46' title='bbox 1002 677 1163 727; x_wconf 90' lang='lat' dir='ltr'>sidera</span> <span class='ocrx_word' id='word_1_47' title='bbox 1195 679 1359 727; x_wconf 90' lang='lat' dir='ltr'>vultus</span> 
     </span>
    </p>

    <p class='ocr_par' dir='ltr' id='par_1_8' title="bbox 67 750 1206 814">
     <span class='ocr_line' id='line_1_9' title="bbox 67 750 1206 814; baseline -0.006 0"><span class='ocrx_word' id='word_1_48' title='bbox 67 750 278 814; x_wconf 73' lang='lat' dir='ltr'>timentis</span> <span class='ocrx_word' id='word_1_49' title='bbox 313 762 518 812; x_wconf 85' lang='lat' dir='ltr'>nebulas</span> <span class='ocrx_word' id='word_1_50' title='bbox 554 759 775 810; x_wconf 86' lang='lat' dir='ltr'>exhaurit</span> <span class='ocrx_word' id='word_1_51' title='bbox 810 768 859 809; x_wconf 91' lang='lat' dir='ltr'>et</span> <span class='ocrx_word' id='word_1_52' title='bbox 893 762 1006 808; x_wconf 70' lang='lat' dir='ltr'>aera</span> <span class='ocrx_word' id='word_1_53' title='bbox 1040 758 1206 808; x_wconf 87' lang='lat' dir='ltr'><strong>siccat.</strong></span> 
     </span>
    </p>

    <p class='ocr_par' dir='ltr' id='par_1_9' title="bbox 54 839 1716 1147">
     <span class='ocr_line' id='line_1_10' title="bbox 69 839 1716 911; baseline -0.003 -18"><span class='ocrx_word' id='word_1_54' title='bbox 69 841 264 911; x_wconf 81' lang='lat' dir='ltr'>iamque</span> <span class='ocrx_word' id='word_1_55' title='bbox 299 858 444 905; x_wconf 89' lang='lat' dir='ltr'>super</span> <span class='ocrx_word' id='word_1_56' title='bbox 477 841 606 906; x_wconf 85' lang='lat' dir='ltr'>ripas</span> <span class='ocrx_word' id='word_1_57' title='bbox 641 850 850 905; x_wconf 90' lang='lat' dir='ltr'>utroque</span> <span class='ocrx_word' id='word_1_58' title='bbox 886 840 1151 890; x_wconf 85' lang='lat' dir='ltr'>exstantior</span> <span class='ocrx_word' id='word_1_59' title='bbox 1185 839 1288 890; x_wconf 93' lang='lat' dir='ltr'>ibat</span> <span class='ocrx_word' id='word_1_60' title='bbox 1636 857 1716 899; x_wconf 84' lang='lat'>455</span> 
     </span>
     <span class='ocr_line' id='line_1_11' title="bbox 67 921 1533 988; baseline -0.001 -17"><span class='ocrx_word' id='word_1_61' title='bbox 67 938 256 988; x_wconf 79' lang='lat' dir='ltr'>aggere,</span> <span class='ocrx_word' id='word_1_62' title='bbox 290 921 388 970; x_wconf 93' lang='lat' dir='ltr'>iam</span> <span class='ocrx_word' id='word_1_63' title='bbox 423 921 643 971; x_wconf 90' lang='lat' dir='ltr'>medium</span> <span class='ocrx_word' id='word_1_64' title='bbox 679 922 832 971; x_wconf 91' lang='lat' dir='ltr'>modo</span> <span class='ocrx_word' id='word_1_65' title='bbox 868 921 954 985; x_wconf 93' lang='lat' dir='ltr'>qui</span> <span class='ocrx_word' id='word_1_66' title='bbox 989 929 1299 985; x_wconf 91' lang='lat' dir='ltr'>superaverat</span> <span class='ocrx_word' id='word_1_67' title='bbox 1332 936 1533 970; x_wconf 90' lang='lat' dir='ltr'>amnem</span> 
     </span>
     <span class='ocr_line' id='line_1_12' title="bbox 68 1001 1520 1068; baseline -0.002 -15"><span class='ocrx_word' id='word_1_68' title='bbox 68 1003 442 1068; x_wconf 89' lang='lat' dir='ltr'>Hippomedon,</span> <span class='ocrx_word' id='word_1_69' title='bbox 479 1001 690 1051; x_wconf 87' lang='lat' dir='ltr'>intactus</span> <span class='ocrx_word' id='word_1_70' title='bbox 724 1001 865 1066; x_wconf 90' lang='lat' dir='ltr'>aquis</span> <span class='ocrx_word' id='word_1_71' title='bbox 900 1018 1196 1066; x_wconf 91' lang='lat' dir='ltr'>umerosque</span> <span class='ocrx_word' id='word_1_72' title='bbox 1230 1017 1520 1065; x_wconf 90' lang='lat' dir='ltr'>manusque,</span> 
     </span>
     <span class='ocr_line' id='line_1_13' title="bbox 54 1082 1258 1147; baseline -0.002 -13"><span class='ocrx_word' id='word_1_73' title='bbox 54 1083 267 1135; x_wconf 88' lang='lat' dir='ltr'>-miratur</span> <span class='ocrx_word' id='word_1_74' title='bbox 299 1082 508 1133; x_wconf 91' lang='lat' dir='ltr'>crevisse</span> <span class='ocrx_word' id='word_1_75' title='bbox 542 1084 724 1133; x_wconf 90' lang='lat' dir='ltr'>vadum</span> <span class='ocrx_word' id='word_1_76' title='bbox 761 1099 968 1147; x_wconf 88' lang='lat' dir='ltr'>seseque</span> <span class='ocrx_word' id='word_1_77' title='bbox 1003 1082 1258 1132; x_wconf 87' lang='lat' dir='ltr'>minorem.</span> 
     </span>
    </p>

    <p class='ocr_par' dir='ltr' id='par_1_10' title="bbox 67 1161 1720 1389">
     <span class='ocr_line' id='line_1_14' title="bbox 67 1161 1484 1228; baseline -0.003 -13"><span class='ocrx_word' id='word_1_78' title='bbox 67 1161 184 1215; x_wconf 87' lang='lat' dir='ltr'>hinc</span> <span class='ocrx_word' id='word_1_79' title='bbox 216 1172 365 1228; x_wconf 87' lang='lat' dir='ltr'>atque</span> <span class='ocrx_word' id='word_1_80' title='bbox 399 1163 516 1212; x_wconf 89' lang='lat' dir='ltr'>hinc</span> <span class='ocrx_word' id='word_1_81' title='bbox 551 1163 727 1213; x_wconf 90' lang='lat' dir='ltr'>tumidi</span> <span class='ocrx_word' id='word_1_82' title='bbox 762 1165 940 1212; x_wconf 90' lang='lat' dir='ltr'>fluetus</span> <span class='ocrx_word' id='word_1_83' title='bbox 975 1162 1297 1227; x_wconf 88' lang='lat' dir='ltr'>animosaque</span> <span class='ocrx_word' id='word_1_84' title='bbox 1333 1161 1484 1226; x_wconf 86' lang='lat' dir='ltr'>surgit</span> 
     </span>
     <span class='ocr_line' id='line_1_15' title="bbox 67 1243 1720 1309; baseline -0.005 -13"><span class='ocrx_word' id='word_1_85' title='bbox 67 1253 332 1309; x_wconf 86' lang='lat' dir='ltr'>tempestas</span> <span class='ocrx_word' id='word_1_86' title='bbox 368 1244 519 1293; x_wconf 89' lang='lat' dir='ltr'>instar</span> <span class='ocrx_word' id='word_1_87' title='bbox 553 1243 726 1308; x_wconf 86' lang='lat' dir='ltr'>pelagi,</span> <span class='ocrx_word' id='word_1_88' title='bbox 765 1260 880 1293; x_wconf 92' lang='lat' dir='ltr'>cum</span> <span class='ocrx_word' id='word_1_89' title='bbox 917 1243 1112 1293; x_wconf 90' lang='lat' dir='ltr'>Pliadas</span> <span class='ocrx_word' id='word_1_90' title='bbox 1148 1243 1310 1292; x_wconf 89' lang='lat' dir='ltr'>haurit</span> <span class='ocrx_word' id='word_1_91' title='bbox 1635 1247 1720 1300; x_wconf 87' lang='lat'>460</span> 
     </span>
     <span class='ocr_line' id='line_1_16' title="bbox 67 1323 1312 1389; baseline -0.004 -13"><span class='ocrx_word' id='word_1_92' title='bbox 67 1333 151 1376; x_wconf 80' lang='lat' dir='ltr'>aut</span> <span class='ocrx_word' id='word_1_93' title='bbox 184 1323 376 1389; x_wconf 90' lang='lat' dir='ltr'>nigrum</span> <span class='ocrx_word' id='word_1_94' title='bbox 412 1324 614 1388; x_wconf 88' lang='lat' dir='ltr'>trepidis</span> <span class='ocrx_word' id='word_1_95' title='bbox 651 1323 878 1388; x_wconf 88' lang='lat' dir='ltr'>impingit</span> <span class='ocrx_word' id='word_1_96' title='bbox 913 1323 1102 1374; x_wconf 87' lang='lat' dir='ltr'>Oriona</span> <span class='ocrx_word' id='word_1_97' title='bbox 1137 1323 1312 1372; x_wconf 87' lang='lat' dir='ltr'>nautis.</span> 
     </span>
    </p>

    <p class='ocr_par' dir='ltr' id='par_1_11' title="bbox 66 1403 1451 1551">
     <span class='ocr_line' id='line_1_17' title="bbox 66 1403 1328 1468; baseline -0.002 -13"><span class='ocrx_word' id='word_1_98' title='bbox 66 1420 168 1456; x_wconf 86' lang='lat' dir='ltr'>non</span> <span class='ocrx_word' id='word_1_99' title='bbox 202 1421 342 1455; x_wconf 88' lang='lat' dir='ltr'>secus</span> <span class='ocrx_word' id='word_1_100' title='bbox 375 1421 624 1468; x_wconf 89' lang='lat' dir='ltr'>aequoreo</span> <span class='ocrx_word' id='word_1_101' title='bbox 658 1404 806 1454; x_wconf 91' lang='lat' dir='ltr'>iactat</span> <span class='ocrx_word' id='word_1_102' title='bbox 840 1404 1133 1454; x_wconf 89' lang='lat' dir='ltr'>Teumesius</span> <span class='ocrx_word' id='word_1_103' title='bbox 1168 1403 1328 1452; x_wconf 90' lang='lat' dir='ltr'>amnis</span> 
     </span>
     <span class='ocr_line' id='line_1_18' title="bbox 70 1483 1451 1551; baseline -0.003 -15"><span class='ocrx_word' id='word_1_104' title='bbox 70 1485 480 1551; x_wconf 90' lang='lat' dir='ltr'>Hippomedonta</span> <span class='ocrx_word' id='word_1_105' title='bbox 515 1487 631 1545; x_wconf 91' lang='lat' dir='ltr'>salo,</span> <span class='ocrx_word' id='word_1_106' title='bbox 671 1501 963 1549; x_wconf 89' lang='lat' dir='ltr'>semperque</span> <span class='ocrx_word' id='word_1_107' title='bbox 999 1485 1220 1534; x_wconf 91' lang='lat' dir='ltr'>umbone</span> <span class='ocrx_word' id='word_1_108' title='bbox 1256 1483 1451 1533; x_wconf 89' lang='lat' dir='ltr'>sinistro</span> 
     </span>
    </p>

    <p class='ocr_par' dir='ltr' id='par_1_12' title="bbox 65 1564 1328 1630">
     <span class='ocr_line' id='line_1_19' title="bbox 65 1564 1328 1630; baseline -0.002 -14"><span class='ocrx_word' id='word_1_109' title='bbox 65 1566 252 1617; x_wconf 91' lang='lat' dir='ltr'>tollitur</span> <span class='ocrx_word' id='word_1_110' title='bbox 286 1575 335 1616; x_wconf 88' lang='lat' dir='ltr'>et</span> <span class='ocrx_word' id='word_1_111' title='bbox 371 1565 583 1630; x_wconf 92' lang='lat' dir='ltr'>clipeum</span> <span class='ocrx_word' id='word_1_112' title='bbox 619 1565 840 1629; x_wconf 87' lang='lat' dir='ltr'>nigrante</span> <span class='ocrx_word' id='word_1_113' title='bbox 875 1564 1156 1629; x_wconf 90' lang='lat' dir='ltr'>supervenit</span> <span class='ocrx_word' id='word_1_114' title='bbox 1188 1573 1328 1614; x_wconf 90' lang='lat' dir='ltr'>aestu</span> 
     </span>
    </p>

    <p class='ocr_par' dir='ltr' id='par_1_13' title="bbox 68 1646 1717 1791">
     <span class='ocr_line' id='line_1_20' title="bbox 69 1646 1717 1712; baseline -0.002 -15"><span class='ocrx_word' id='word_1_115' title='bbox 69 1662 301 1712; x_wconf 90' lang='lat' dir='ltr'>spumeus</span> <span class='ocrx_word' id='word_1_116' title='bbox 335 1649 595 1709; x_wconf 91' lang='lat' dir='ltr'>assultans,</span> <span class='ocrx_word' id='word_1_117' title='bbox 630 1648 881 1710; x_wconf 89' lang='lat' dir='ltr'>fractaque</span> <span class='ocrx_word' id='word_1_118' title='bbox 915 1646 1190 1696; x_wconf 86' lang='lat' dir='ltr'>refunditur</span> <span class='ocrx_word' id='word_1_119' title='bbox 1224 1647 1361 1695; x_wconf 91' lang='lat' dir='ltr'>unda</span> <span class='ocrx_word' id='word_1_120' title='bbox 1636 1652 1717 1705; x_wconf 87' lang='lat'>465</span> 
     </span>
     <span class='ocr_line' id='line_1_21' title="bbox 68 1726 1318 1791; baseline -0.002 -13"><span class='ocrx_word' id='word_1_121' title='bbox 68 1735 119 1778; x_wconf 83' lang='lat' dir='ltr'>et</span> <span class='ocrx_word' id='word_1_122' title='bbox 153 1729 354 1777; x_wconf 91' lang='lat' dir='ltr'>cumulo</span> <span class='ocrx_word' id='word_1_123' title='bbox 389 1727 572 1777; x_wconf 90' lang='lat' dir='ltr'>maiore</span> <span class='ocrx_word' id='word_1_124' title='bbox 607 1727 735 1777; x_wconf 91' lang='lat' dir='ltr'>redit</span> <span class='ocrx_word' id='word_1_125' title='bbox 753 1745 774 1789; x_wconf 81' lang='lat'>-3</span> <span class='ocrx_word' id='word_1_126' title='bbox 819 1743 912 1777; x_wconf 89' lang='lat' dir='ltr'>nec</span> <span class='ocrx_word' id='word_1_127' title='bbox 944 1729 1076 1777; x_wconf 89' lang='lat' dir='ltr'>mole</span> <span class='ocrx_word' id='word_1_128' title='bbox 1109 1726 1318 1791; x_wconf 89' lang='lat' dir='ltr'>liquenti</span> 
     </span>
    </p>

    <p class='ocr_par' dir='ltr' id='par_1_14' title="bbox 67 1807 1152 1872">
     <span class='ocr_line' id='line_1_22' title="bbox 67 1807 1152 1872; baseline -0.003 -13"><span class='ocrx_word' id='word_1_129' title='bbox 67 1817 329 1859; x_wconf 92' lang='lat' dir='ltr'>contentus</span> <span class='ocrx_word' id='word_1_130' title='bbox 365 1808 519 1872; x_wconf 88' lang='lat' dir='ltr'>carpit</span> <span class='ocrx_word' id='word_1_131' title='bbox 553 1807 708 1872; x_wconf 91' lang='lat' dir='ltr'>putris</span> <span class='ocrx_word' id='word_1_132' title='bbox 746 1807 989 1858; x_wconf 87' lang='lat' dir='ltr'>servantia</span> <span class='ocrx_word' id='word_1_133' title='bbox 1022 1807 1152 1872; x_wconf 89' lang='lat' dir='ltr'>ripas</span> 
     </span>
    </p>

    <p class='ocr_par' dir='ltr' id='par_1_15' title="bbox 22 1888 1278 1953">
     <span class='ocr_line' id='line_1_23' title="bbox 22 1888 1278 1953; baseline -0.002 -13"><span class='ocrx_word' id='word_1_134' title='bbox 22 1899 26 1903; x_wconf 88' lang='grc'><strong>’</strong></span> <span class='ocrx_word' id='word_1_135' title='bbox 66 1890 262 1940; x_wconf 84' lang='lat' dir='ltr'>arbusta</span> <span class='ocrx_word' id='word_1_136' title='bbox 294 1906 606 1953; x_wconf 90' lang='lat' dir='ltr'>annosasque</span> <span class='ocrx_word' id='word_1_137' title='bbox 634 1889 796 1939; x_wconf 86' lang='lat' dir='ltr'>trabes</span> <span class='ocrx_word' id='word_1_138' title='bbox 832 1888 1086 1952; x_wconf 89' lang='lat' dir='ltr'>eiectaque</span> <span class='ocrx_word' id='word_1_139' title='bbox 1121 1889 1278 1938; x_wconf 90' lang='lat' dir='ltr'>fundo</span> 
     </span>
    </p>

    <p class='ocr_par' dir='ltr' id='par_1_16' title="bbox 66 1969 1722 2196">
     <span class='ocr_line' id='line_1_24' title="bbox 66 1969 1454 2034; baseline -0.002 -13"><span class='ocrx_word' id='word_1_140' title='bbox 66 1988 180 2021; x_wconf 86' lang='lat' dir='ltr'>saxa</span> <span class='ocrx_word' id='word_1_141' title='bbox 214 1980 355 2020; x_wconf 91' lang='lat' dir='ltr'>rotat.</span> <span class='ocrx_word' id='word_1_142' title='bbox 426 1979 520 2020; x_wconf 91' lang='lat' dir='ltr'>stat</span> <span class='ocrx_word' id='word_1_143' title='bbox 555 1987 722 2034; x_wconf 89' lang='lat' dir='ltr'>pugna</span> <span class='ocrx_word' id='word_1_144' title='bbox 757 1969 915 2033; x_wconf 90' lang='lat' dir='ltr'>impar</span> <span class='ocrx_word' id='word_1_145' title='bbox 948 1969 1210 2034; x_wconf 91' lang='lat' dir='ltr'>amnisque</span> <span class='ocrx_word' id='word_1_146' title='bbox 1244 1969 1454 2032; x_wconf 74' lang='lat' dir='ltr'>virique,</span> 
     </span>
     <span class='ocr_line' id='line_1_25' title="bbox 66 2050 1722 2116; baseline -0.002 -16"><span class='ocrx_word' id='word_1_147' title='bbox 66 2050 356 2116; x_wconf 89' lang='lat' dir='ltr'>indignante</span> <span class='ocrx_word' id='word_1_148' title='bbox 390 2052 520 2112; x_wconf 76' lang='lat' dir='ltr'>deo,</span> <span class='ocrx_word' id='word_1_149' title='bbox 566 2067 659 2100; x_wconf 87' lang='lat' dir='ltr'>nec</span> <span class='ocrx_word' id='word_1_150' title='bbox 694 2050 827 2100; x_wconf 91' lang='lat' dir='ltr'>enim</span> <span class='ocrx_word' id='word_1_151' title='bbox 863 2051 949 2099; x_wconf 91' lang='lat' dir='ltr'>dat</span> <span class='ocrx_word' id='word_1_152' title='bbox 983 2059 1118 2114; x_wconf 89' lang='lat' dir='ltr'>terga</span> <span class='ocrx_word' id='word_1_153' title='bbox 1151 2067 1245 2099; x_wconf 88' lang='lat' dir='ltr'>nec</span> <span class='ocrx_word' id='word_1_154' title='bbox 1279 2050 1391 2099; x_wconf 92' lang='lat' dir='ltr'>ullis</span> <span class='ocrx_word' id='word_1_155' title='bbox 1638 2065 1722 2111; x_wconf 77' lang='lat'>470</span> 
     </span>
     <span class='ocr_line' id='line_1_26' title="bbox 66 2130 1394 2196; baseline -0.001 -15"><span class='ocrx_word' id='word_1_156' title='bbox 66 2131 302 2196; x_wconf 87' lang='lat' dir='ltr'>frangitur</span> <span class='ocrx_word' id='word_1_157' title='bbox 335 2131 416 2180; x_wconf 91' lang='lat' dir='ltr'>ille</span> <span class='ocrx_word' id='word_1_158' title='bbox 451 2131 610 2191; x_wconf 91' lang='lat' dir='ltr'>minis,</span> <span class='ocrx_word' id='word_1_159' title='bbox 648 2130 990 2195; x_wconf 89' lang='lat' dir='ltr'>venientisque</span> <span class='ocrx_word' id='word_1_160' title='bbox 1025 2130 1199 2180; x_wconf 91' lang='lat' dir='ltr'>obvius</span> <span class='ocrx_word' id='word_1_161' title='bbox 1234 2132 1394 2180; x_wconf 88' lang='lat' dir='ltr'>undas</span> 
     </span>
    </p>

    <p class='ocr_par' dir='ltr' id='par_1_17' title="bbox 67 2212 1233 2277">
     <span class='ocr_line' id='line_1_27' title="bbox 67 2212 1233 2277; baseline 0 -15"><span class='ocrx_word' id='word_1_162' title='bbox 67 2212 214 2262; x_wconf 90' lang='lat' dir='ltr'>intrat</span> <span class='ocrx_word' id='word_1_163' title='bbox 248 2222 297 2262; x_wconf 92' lang='lat' dir='ltr'>et</span> <span class='ocrx_word' id='word_1_164' title='bbox 332 2212 527 2262; x_wconf 86' lang='lat' dir='ltr'>obiecta</span> <span class='ocrx_word' id='word_1_165' title='bbox 562 2212 776 2277; x_wconf 92' lang='lat' dir='ltr'>dispellit</span> <span class='ocrx_word' id='word_1_166' title='bbox 810 2212 1015 2262; x_wconf 91' lang='lat' dir='ltr'>flumina</span> <span class='ocrx_word' id='word_1_167' title='bbox 1049 2229 1233 2277; x_wconf 89' lang='lat' dir='ltr'>parma.</span> 
     </span>
    </p>

    <p class='ocr_par' dir='ltr' id='par_1_18' title="bbox 67 2293 1326 2357">
     <span class='ocr_line' id='line_1_28' title="bbox 67 2293 1326 2357; baseline 0 -15"><span class='ocrx_word' id='word_1_168' title='bbox 67 2301 198 2342; x_wconf 90' lang='lat' dir='ltr'>stant</span> <span class='ocrx_word' id='word_1_169' title='bbox 233 2301 359 2342; x_wconf 87' lang='lat' dir='ltr'>terra</span> <span class='ocrx_word' id='word_1_170' title='bbox 392 2293 608 2356; x_wconf 89' lang='lat' dir='ltr'>fugiente</span> <span class='ocrx_word' id='word_1_171' title='bbox 642 2295 832 2357; x_wconf 79' lang='lat' dir='ltr'>gradUS,</span> <span class='ocrx_word' id='word_1_172' title='bbox 872 2302 920 2343; x_wconf 92' lang='lat' dir='ltr'>et</span> <span class='ocrx_word' id='word_1_173' title='bbox 955 2293 1140 2357; x_wconf 88' lang='lat' dir='ltr'>poplite</span> <span class='ocrx_word' id='word_1_174' title='bbox 1175 2301 1326 2345; x_wconf 80' lang='lat' dir='ltr'>tenso¹</span> 
     </span>
    </p>

    <p class='ocr_par' dir='ltr' id='par_1_19' title="bbox 66 2359 1572 2438">
     <span class='ocr_line' id='line_1_29' title="bbox 66 2359 1572 2438; baseline 0 -16"><span class='ocrx_word' id='word_1_175' title='bbox 66 2372 255 2422; x_wconf 88' lang='lat' dir='ltr'>lubrica</span> <span class='ocrx_word' id='word_1_176' title='bbox 290 2390 404 2422; x_wconf 87' lang='lat' dir='ltr'>saxa</span> <span class='ocrx_word' id='word_1_177' title='bbox 438 2383 585 2433; x_wconf 88' lang='lat' dir='ltr'>tenet,</span> <span class='ocrx_word' id='word_1_178' title='bbox 624 2374 931 2438; x_wconf 87' lang='lat' dir='ltr'>genibusque</span> <span class='ocrx_word' id='word_1_179' title='bbox 966 2373 1177 2423; x_wconf 88' lang='lat' dir='ltr'>obnixus</span> <span class='ocrx_word' id='word_1_180' title='bbox 1213 2382 1269 2424; x_wconf 71' lang='lat' dir='ltr'>et,</span> <span class='ocrx_word' id='word_1_181' title='bbox 1297 2374 1505 2423; x_wconf 88' lang='lat' dir='ltr'>haerens</span> <span class='ocrx_word' id='word_1_182' title='bbox 1569 2359 1572 2363; x_wconf 31' lang='lat'><em>¹</em></span> 
     </span>
    </p>
   </div>
   <div class='ocr_carea' id='block_1_3' title="bbox 67 2454 1725 2741">
    <p class='ocr_par' dir='ltr' id='par_1_20' title="bbox 68 2454 1718 2519">
     <span class='ocr_line' id='line_1_30' title="bbox 68 2454 1718 2519; baseline 0 -16"><span class='ocrx_word' id='word_1_183' title='bbox 68 2454 271 2519; x_wconf 85' lang='lat' dir='ltr'>subruta</span> <span class='ocrx_word' id='word_1_184' title='bbox 305 2454 465 2503; x_wconf 92' lang='lat' dir='ltr'>fallaci</span> <span class='ocrx_word' id='word_1_185' title='bbox 501 2464 658 2504; x_wconf 90' lang='lat' dir='ltr'>servat</span> <span class='ocrx_word' id='word_1_186' title='bbox 692 2454 895 2519; x_wconf 89' lang='lat' dir='ltr'>vestigia</span> <span class='ocrx_word' id='word_1_187' title='bbox 929 2454 1062 2514; x_wconf 90' lang='lat' dir='ltr'>limo,</span> <span class='ocrx_word' id='word_1_188' title='bbox 1637 2471 1718 2516; x_wconf 85' lang='lat'>475</span> 
     </span>
    </p>

    <p class='ocr_par' dir='ltr' id='par_1_21' title="bbox 67 2581 1725 2741">
     <span class='ocr_line' id='line_1_31' title="bbox 121 2581 1723 2634; baseline 0.001 -13"><span class='ocrx_word' id='word_1_189' title='bbox 121 2594 202 2634; x_wconf 86' lang='lat'>449</span> <span class='ocrx_word' id='word_1_190' title='bbox 230 2582 311 2622; x_wconf 88' lang='lat' dir='ltr'>iret</span> <span class='ocrx_word' id='word_1_191' title='bbox 330 2581 374 2621; x_wconf 98' lang='lat' dir='ltr'><em>P</em></span> <span class='ocrx_word' id='word_1_192' title='bbox 490 2595 566 2633; x_wconf 89' lang='lat'>451</span> <span class='ocrx_word' id='word_1_193' title='bbox 599 2583 691 2633; x_wconf 88' lang='lat' dir='ltr'>ipsa</span> <span class='ocrx_word' id='word_1_194' title='bbox 709 2583 752 2622; x_wconf 92' lang='lat' dir='ltr'><em>P</em></span> <span class='ocrx_word' id='word_1_195' title='bbox 855 2594 934 2634; x_wconf 85' lang='lat'>453</span> <span class='ocrx_word' id='word_1_196' title='bbox 964 2584 1114 2622; x_wconf 88' lang='lat' dir='ltr'>fluctus</span> <span class='ocrx_word' id='word_1_197' title='bbox 1133 2582 1271 2621; x_wconf 91' lang='lat' dir='ltr'>ADN</span> <span class='ocrx_word' id='word_1_198' title='bbox 1383 2593 1462 2632; x_wconf 90' lang='lat'>454</span> <span class='ocrx_word' id='word_1_199' title='bbox 1489 2583 1662 2622; x_wconf 88' lang='lat' dir='ltr'>aethera</span> <span class='ocrx_word' id='word_1_200' title='bbox 1683 2583 1723 2633; x_wconf 81' lang='lat' dir='ltr'><em>Q</em></span> 
     </span>
     <span class='ocr_line' id='line_1_32' title="bbox 67 2635 1719 2688; baseline 0 -13"><span class='ocrx_word' id='word_1_201' title='bbox 67 2648 253 2687; x_wconf 87' lang='lat'><strong>454-903</strong></span> <span class='ocrx_word' id='word_1_202' title='bbox 283 2638 492 2688; x_wconf 88' lang='lat'><strong>(494-903</strong></span> <span class='ocrx_word' id='word_1_203' title='bbox 511 2637 755 2676; x_wconf 78' lang='lat' dir='ltr'>Kohlmann</span> <span class='ocrx_word' id='word_1_204' title='bbox 766 2643 844 2688; x_wconf 79' lang='lat' dir='ltr'>per</span> <span class='ocrx_word' id='word_1_205' title='bbox 865 2636 1089 2687; x_wconf 77' lang='lat' dir='ltr'>incuriam)</span> <span class='ocrx_word' id='word_1_206' title='bbox 1120 2636 1270 2677; x_wconf 84' lang='lat' dir='ltr'>desunt</span> <span class='ocrx_word' id='word_1_207' title='bbox 1293 2635 1338 2675; x_wconf 80' lang='lat' dir='ltr'>in</span> <span class='ocrx_word' id='word_1_208' title='bbox 1365 2636 1412 2675; x_wconf 90' lang='lat' dir='ltr'><em>K</em></span> <span class='ocrx_word' id='word_1_209' title='bbox 1577 2684 1580 2686; x_wconf 36' lang='grc'><strong>,</strong></span> <span class='ocrx_word' id='word_1_210' title='bbox 1639 2649 1719 2688; x_wconf 88' lang='lat'>455</span> 
     </span>
     <span class='ocr_line' id='line_1_33' title="bbox 69 2689 1725 2741; baseline 0 -11"><span class='ocrx_word' id='word_1_211' title='bbox 69 2691 262 2741; x_wconf 83' lang='lat' dir='ltr'>ultroque</span> <span class='ocrx_word' id='word_1_212' title='bbox 281 2690 324 2728; x_wconf 92' lang='lat' dir='ltr'><em>P</em></span> <span class='ocrx_word' id='word_1_213' title='bbox 528 2692 610 2740; x_wconf 88' lang='lat'>460</span> <span class='ocrx_word' id='word_1_214' title='bbox 637 2691 799 2741; x_wconf 89' lang='lat' dir='ltr'>pliadas</span> <span class='ocrx_word' id='word_1_215' title='bbox 817 2691 904 2729; x_wconf 90' lang='lat' dir='ltr'>BN</span> <span class='ocrx_word' id='word_1_216' title='bbox 916 2705 924 2729; x_wconf 94' lang='lat'><strong>:</strong></span> <span class='ocrx_word' id='word_1_217' title='bbox 955 2691 1144 2741; x_wconf 89' lang='lat' dir='ltr'>pleiadas</span> <span class='ocrx_word' id='word_1_218' title='bbox 1162 2690 1241 2740; x_wconf 70' lang='grc' dir='ltr'>ΡΩ</span> <span class='ocrx_word' id='word_1_219' title='bbox 1443 2692 1523 2741; x_wconf 84' lang='lat'>462</span> <span class='ocrx_word' id='word_1_220' title='bbox 1552 2689 1663 2741; x_wconf 89' lang='lat' dir='ltr'>ignis</span> <span class='ocrx_word' id='word_1_221' title='bbox 1682 2691 1725 2730; x_wconf 92' lang='lat' dir='ltr'><em>P</em></span> 
     </span>
    </p>
   </div>
   <div class='ocr_carea' id='block_1_4' title="bbox 69 2743 1724 2892">
    <p class='ocr_par' dir='ltr' id='par_1_22' title="bbox 69 2743 1724 2892">
     <span class='ocr_line' id='line_1_34' title="bbox 69 2743 1724 2796; baseline 0 -12"><span class='ocrx_word' id='word_1_222' title='bbox 69 2745 148 2796; x_wconf 83' lang='lat'>465</span> <span class='ocrx_word' id='word_1_223' title='bbox 176 2744 394 2785; x_wconf 84' lang='lat' dir='ltr'>exsultans</span> <span class='ocrx_word' id='word_1_224' title='bbox 412 2744 516 2783; x_wconf 77' lang='grc' dir='ltr'>ΝΑι</span> <span class='ocrx_word' id='word_1_225' title='bbox 625 2746 705 2795; x_wconf 91' lang='lat'>468</span> <span class='ocrx_word' id='word_1_226' title='bbox 733 2745 922 2784; x_wconf 83' lang='lat' dir='ltr'>ambusta</span> <span class='ocrx_word' id='word_1_227' title='bbox 942 2745 999 2783; x_wconf 84' lang='lat' dir='ltr'>Pl</span> <span class='ocrx_word' id='word_1_228' title='bbox 1119 2758 1197 2794; x_wconf 92' lang='lat'>470</span> <span class='ocrx_word' id='word_1_229' title='bbox 1226 2744 1308 2784; x_wconf 90' lang='lat' dir='ltr'>illis</span> <span class='ocrx_word' id='word_1_230' title='bbox 1326 2743 1369 2782; x_wconf 93' lang='lat' dir='ltr'><em>P</em></span> <span class='ocrx_word' id='word_1_231' title='bbox 1472 2757 1552 2795; x_wconf 89' lang='lat'>473</span> <span class='ocrx_word' id='word_1_232' title='bbox 1579 2750 1663 2785; x_wconf 89' lang='lat' dir='ltr'>stat</span> <span class='ocrx_word' id='word_1_233' title='bbox 1682 2744 1724 2784; x_wconf 91' lang='lat' dir='ltr'><em>P</em></span> 
     </span>
     <span class='ocr_line' id='line_1_35' title="bbox 70 2798 1613 2892; baseline -0.001 -53"><span class='ocrx_word' id='word_1_234' title='bbox 70 2810 149 2849; x_wconf 84' lang='lat'>474</span> <span class='ocrx_word' id='word_1_235' title='bbox 176 2804 294 2839; x_wconf 88' lang='lat' dir='ltr'>tenet</span> <span class='ocrx_word' id='word_1_236' title='bbox 313 2798 420 2850; x_wconf 80' lang='lat' dir='ltr'>PQ:</span> <span class='ocrx_word' id='word_1_237' title='bbox 448 2804 598 2839; x_wconf 89' lang='lat' dir='ltr'>tenent</span> <span class='ocrx_word' id='word_1_238' title='bbox 618 2799 697 2839; x_wconf 82' lang='lat' dir='ltr'>RS</span> <span class='ocrx_word' id='word_1_239' title='bbox 714 2814 723 2839; x_wconf 88' lang='lat'><strong>:</strong></span> <span class='ocrx_word' id='word_1_240' title='bbox 752 2804 901 2839; x_wconf 88' lang='lat' dir='ltr'>natant</span> <span class='ocrx_word' id='word_1_241' title='bbox 919 2799 1018 2851; x_wconf 88' lang='lat' dir='ltr'>DN,</span> <span class='ocrx_word' id='word_1_242' title='bbox 1044 2798 1275 2838; x_wconf 83' lang='lat' dir='ltr'>Gronovius</span> <span class='ocrx_word' id='word_1_243' title='bbox 1537 2852 1613 2892; x_wconf 60' lang='grc'>16*</span> 
     </span>
    </p>
   </div>
  </div>
 </body>
</html>
