1884 3204
994 96 1405 146 THEBAIDOS
1443 97 1657 144 LIBER
1693 98 1768 144 XI

125 237 332 299 moenia,
370 253 469 301 quo
505 235 736 294 Cadmus
777 249 877 297 quo
913 233 1062 282 Laius
1098 233 1264 283 omine
1300 234 1420 283 rexit

125 335 322 382 quoque
356 333 481 380 ego3
527 315 596 364 sic
632 316 888 374 thalamos,
927 315 997 362 sic
1031 311 1236 377 pignora
1270 316 1369 363 fida
1404 330 1643 377 capessas,

124 415 216 448 nec
250 398 338 447 tibi
375 396 436 446 sit
470 395 620 444 virtus
658 397 902 443 fortunam
940 396 1147 443 evadere
1183 396 1352 443 dextra
1371 413 1385 456 3

123 479 211 528 sed
245 479 405 526 lucem
442 477 711 539 deprensus
745 490 893 522 ames.
967 474 1082 522 satis
1119 474 1300 523 omina.
1321 475 1474 537 sanxi,
1696 492 1769 536 705

34 591 38 593 >
123 559 234 617 duc,
270 573 372 620 age,
411 565 526 604 nata
561 556 745 618 procul.
819 553 940 617 quid
976 562 1024 603 te
1059 564 1224 603 autem
1262 555 1476 604 luctibus
1511 557 1682 604 addo?

122 639 198 696 da,
237 654 318 686 rex
352 653 542 699 magne,
580 636 791 684 ducem.'
861 634 1024 683 timuit
1059 635 1336 684 miseranda
1371 636 1580 699 relinqui

122 717 370 780 Antigone
405 725 661 778 mutatque
696 731 895 779 preces:
944 715 1157 764 ‘Felicia
1192 733 1280 778 per
1314 725 1362 765 te

55 829 58 832 <
121 814 284 861 regna,
319 798 531 845 verende
567 798 746 852 Creon,
784 805 1077 859 sanctasque
1114 799 1417 846 Menoeceos
1456 798 1686 846 umbras:

121 880 186 928 da
218 876 412 926 veniam
446 876 647 926 adflicto
683 876 926 940 dictisque
962 877 1162 940 ignosce
1198 877 1433 940 superbis.
1695 894 1774 937 710

121 961 252 1007 hunc
288 974 476 1006 morem
511 958 648 1006 fandi
683 960 859 1021 longae
895 960 1053 1007 fecere
1089 961 1316 1021 querelae
1333 977 1347 1019 ς

37 1040 39 1042 ’
121 1055 213 1094 nec
247 1038 339 1088 soli
373 1040 503 1087 ferus
539 1038 629 1087 iste
664 1038 786 1087 tibi:
834 1038 903 1087 sic
938 1040 1037 1087 fata
1071 1040 1292 1102 deosque

121 1119 433 1182 adloquitur3
479 1120 631 1168 durus
666 1122 815 1178 luctu,
854 1119 1108 1182 facilisque
1143 1137 1236 1168 nec
1272 1120 1365 1183 ipsi

121 1217 266 1264 saepe
302 1199 456 1260 mihi3
502 1199 694 1263 pridem
729 1200 974 1249 indomito
1011 1201 1103 1249 sub
1139 1210 1338 1263 pectore
1373 1200 1490 1249 vivit

121 1280 316 1329 libertas
351 1279 528 1328 misera
563 1289 611 1328 et
647 1297 820 1329 saevae
856 1297 967 1343 spes
1002 1297 1174 1343 aspera
1210 1281 1392 1329 mortis.
1701 1300 1772 1342 715

124 1370 172 1410 et
206 1377 340 1409 nunc
375 1376 492 1409 ecce
527 1369 636 1408 tuas
672 1360 836 1408 inritat
871 1360 1078 1409 callidus
1114 1360 1206 1408 iras

122 1440 514 1504 suppliciumque
549 1440 685 1503 cupit
701 1458 714 1501 3
763 1441 851 1489 sed
886 1449 939 1488 tu
975 1440 1256 1501 maioribus,
1296 1458 1398 1501 oro,

121 1520 312 1584 imperii
345 1520 531 1584 potiare
567 1520 711 1569 bonis
745 1522 973 1583 altusque
1007 1520 1212 1570 iacentis

122 1610 406 1664 praetereas,
446 1610 494 1649 et
529 1618 707 1664 magna
742 1603 927 1650 ducum
962 1617 1158 1650 vereare
1192 1602 1409 1665 priorum

122 1683 304 1731 funera.
375 1691 424 1731 et
459 1682 539 1731 hic
575 1672 829 1745 quondam
866 1681 991 1730 solio
1027 1682 1251 1731 sublimis
1287 1693 1336 1732 et
1369 1683 1516 1732 armis
1700 1701 1777 1744 720

123 1772 317 1827 saeptus
353 1780 499 1826 opem
536 1763 723 1812 miseris
760 1772 808 1811 et
842 1762 959 1823 iura,
998 1763 1284 1825 potentibus
1319 1781 1507 1827 aequus

122 1843 535 1907 supplicibusque,
574 1845 743 1904 dabat,
778 1843 859 1891 cui
893 1860 1028 1892 nunc
1064 1861 1123 1892 ex
1157 1844 1352 1907 agmine
1388 1854 1527 1894 tanto

122 1941 220 1972 una
254 1941 451 1973 comes:
498 1926 715 1973 necdum
750 1925 886 1972 exsul
922 1932 1036 1972 erat.
1109 1923 1333 1973 felicibus
1369 1925 1516 1974 hicne

123 2005 321 2054 obstat?
367 2004 419 2052 in
454 2006 588 2053 hunc
624 2004 750 2053 odiis
787 2014 836 2053 et
870 2004 1007 2068 regni
1042 2004 1225 2054 viribus
1262 2005 1399 2054 exis?

122 2087 254 2134 hunc
288 2085 443 2148 abigis
478 2085 657 2134 tectis?
701 2102 765 2133 an
802 2102 864 2133 ne
899 2102 1054 2148 prope
1089 2085 1259 2134 limina
1294 2088 1479 2135 clarum
1701 2106 1777 2150 725

121 2165 337 2229 ingemat
373 2175 422 2214 et
456 2165 582 2214 votis
617 2165 992 2228 intempestivus
1028 2167 1262 2215 oberret?

123 2263 254 2309 pone
290 2255 494 2306 metum,
533 2248 706 2309 procul
741 2263 899 2309 usque
933 2256 1018 2295 tua
1054 2248 1313 2296 submotus
1348 2248 1412 2296 ab
1446 2250 1560 2297 aula

123 2326 261 2376 flebit
286 2345 299 2387 3
335 2343 426 2389 ego
462 2336 680 2375 erectum
717 2327 941 2390 subigam
978 2337 1027 2376 et
1047 2328 1238 2377 servire
1274 2329 1482 2389 docebO,

61 2439 67 2441 ν
125 2406 348 2456 coetibus
382 2407 631 2455 abducam
667 2409 870 2470 solaque
905 2407 956 2455 in
991 2409 1110 2457 sede
1146 2410 1425 2459 recondam.

181 2546 260 2584 705
290 2534 430 2574 omnia
448 2533 495 2572 N
500 2533 508 2556 ¹
662 2537 740 2585 708
768 2540 916 2586 portae
938 2535 982 2587 (e
1000 2542 1091 2586 sup.
1114 2550 1140 2575 o
1161 2536 1277 2589 add.)
1302 2537 1341 2587 Q
1485 2551 1566 2588 709
1594 2539 1716 2588 signa
1736 2540 1777 2579 A

127 2600 199 2638 71r
220 2589 326 2638 fort.
360 2589 562 2628 tenebrae
726 2601 805 2638 7¹4
834 2588 935 2629 vivit
962 2589 1235 2640 PBDN2QA
1270 2592 1493 2642 (suprascr.
1528 2593 1662 2631 fervet
1689 2593 1779 2643 Q):

125 2642 260 2681 fervet
279 2642 424 2681 KN¹S
585 2653 661 2693 715
694 2655 847 2692 aspera
873 2642 1062 2682 PSN2D
1088 2645 1306 2695 (suprascr.
1337 2647 1487 2694 *rix-rita
1514 2646 1576 2698 D)
1599 2661 1608 2686 ε
1651 2648 1778 2688 anxia

125 2695 230 2745 BQ:
260 2696 377 2735 irrita
396 2694 488 2734 ΚΝ
492 2695 503 2718 ¹
671 2700 750 2746 716
779 2697 862 2735 iras
882 2697 1104 2748 (suprascr.
1126 2701 1287 2749 ἧπτες)
1309 2699 1354 2737 D
1517 2714 1592 2751 721
1625 2709 1668 2740 et
1688 2702 1779 2741 iura

127 2762 209 2789 om.
234 2750 272 2799 Q
434 2749 682 2801 potentibus
707 2749 950 2790 PBDNSA
974 2765 983 2790 ε
1011 2753 1251 2801 petentibus
1271 2753 1356 2803 KQ
1376 2752 1420 2803 (o
1438 2761 1530 2805 sup.
1547 2757 1731 2807 priorem
1754 2770 1778 2795 e

126 2816 199 2842 scr.
219 2803 276 2853 Q)
459 2815 538 2853 722
570 2804 765 2843 examine
783 2804 825 2843 P
1016 2817 1092 2857 724
1121 2807 1344 2847 virtutibus
1365 2809 1458 2848 exis
1475 2808 1517 2847 P
1656 2839 1658 2843 .
1699 2812 1779 2860 726

127 2857 300 2907 ingemit
317 2857 365 2896 Ν
370 2856 435 2908 'Q1
584 2871 664 2910 729
690 2859 867 2898 avellam
890 2858 970 2909 QA
