1884 3204
65 222 197 270 hunc
215 228 393 277 tamen,
415 217 535 266 orba
548 231 739 279 parens,
761 215 1317 280 crinem’'—dextraque
1337 218 1607 265 secandum
1633 236 1715 278 900

64 297 386 365 praebuit—‘⁴
405 298 538 345 hunc
574 304 680 344 toto
715 294 880 358 capies
915 312 1004 358 pro
1041 313 1246 360 corpore
1281 296 1482 356 crinem,

64 395 258 431 comere
292 393 440 441 quem
475 378 648 424 frustra
684 392 763 424 me
798 375 1100 439 dedignante
1136 377 1342 425 solebas.

56 355 63 366 ³

64 458 178 511 huic
211 457 352 508 dabis
387 456 659 519 exsequias,
692 465 841 519 atque
876 455 1002 504 inter
1036 455 1163 505 iusta
1199 466 1467 516 memento,

63 554 128 596 ne
160 537 269 602 quis
303 536 564 601 inexpertis
605 537 806 585 hebetet
841 553 952 585 mea
986 538 1084 585 tela
1118 536 1309 585 lacertis

64 618 366 681 dilectosque
401 633 548 666 canes
584 617 694 665 ullis
730 625 841 679 agat
875 616 1086 680 amplius
1128 607 1322 666 antris(
1635 637 1714 678 905

64 700 186 766 haec
218 707 383 748 autem
418 697 587 762 primis
621 714 757 746 arma
792 696 1006 746 infelicia
1041 697 1209 746 castris

64 796 162 840 ure,
188 781 264 828 vel
298 778 514 842 ingratae
551 777 737 827 crimen
774 779 1023 841 suspende
1061 778 1324 827 Dianae.''’

74 907 78 911 ”
115 919 196 959 902
225 907 452 958 dedignate
469 905 513 944 P
670 917 860 957 903-905
889 918 972 946 om.
993 903 1045 955 P,
1069 905 1249 944 damnat
1266 904 1510 944 Phillimore
1635 917 1716 955 903

61 961 183 1003 busta
199 959 245 999 D
389 973 470 1011 904
500 961 528 998 h
531 961 629 1012 sbet
650 960 711 1011 (in
731 961 884 999 habeat
901 966 994 1011 sup.
1015 960 1088 998 lin.
1110 959 1232 1010 corr.)
1268 958 1307 1009 Q
1449 971 1529 1009 907
1558 958 1717 998 crimen

60 1014 229 1066 Imhof:
258 1015 416 1054 crinem
435 1013 502 1054 P:
533 1027 683 1053 munus
712 1014 871 1053 crimen
891 1013 932 1052 B
1038 1026 1190 1052 munus
1208 1011 1319 1066 sss]
1348 1012 1471 1065 (verb.
1496 1015 1620 1063 eras.)
1650 1012 1717 1062 Q:

35 1074 212 1122 munus
239 1069 372 1109 DNS.
445 1067 550 1108 Post
572 1081 652 1119 907
680 1068 723 1108 in
758 1067 801 1106 P
827 1067 992 1120 vestzgia
1020 1072 1180 1107 exstant
1208 1067 1389 1107 duorum
1418 1080 1616 1107 versuum
1647 1069 1723 1118 qui

61 1123 170 1164 erasi
190 1128 292 1162 sunt

1539 2951 1615 2991 17*

937 81 1349 130 THEBAIDOS
1387 82 1600 129 LIBER
1638 83 1713 131 IX

0 2961 5 3092 ἔ

0 3093 5 3135 Ξ
