1884 3204
121 104 176 153 P.
214 104 429 155 PAPIN
433 106 459 155 1
495 107 701 156 STATI

119 243 274 293 inlabi
307 245 550 306 thalamis,
586 245 877 310 animasque
911 262 941 294 a
974 244 1125 309 stirpe
1158 243 1369 294 recentis

118 324 343 389 abripere
376 326 602 375 altricum
636 325 834 390 gremiis
868 328 1136 388 morsuque
1176 334 1383 375 cruento

119 406 319 456 devesei
353 416 404 456 et
438 409 652 456 multum
689 406 848 471 patrio
883 405 1206 470 pinguescere
1238 407 1391 455 luctu.

119 487 255 537 haud
290 487 401 536 tulit
434 504 685 537 armorum
720 496 975 551 praestans
1010 485 1266 550 animique
1300 487 1561 538 Coroebus
1703 494 1784 549 605

119 584 273 632 seque
308 570 451 629 ultro,
489 568 628 617 lectis
664 568 918 629 iuvenum,
953 566 1040 631 qui
1074 567 1253 616 robore
1287 567 1433 631 primi

118 651 303 698 famam
335 648 620 713 posthabita
654 648 822 697 faciles
858 649 1123 697 extendere
1157 647 1274 710 vita,

119 729 313 779 obtulit.
383 729 469 778 illa
501 745 659 779 novos
694 729 798 778 ibat
832 731 1070 792 populata
1109 729 1303 792 penatis

118 819 370 874 portarum
406 810 457 858 in
492 810 659 872 bivio,·
707 810 847 859 lateri
882 811 985 859 duo
1020 826 1228 874 corpora
1261 828 1468 874 parvum

118 892 420 955 dependent,
458 900 507 940 et
536 890 636 939 iam
672 907 802 940 unca
836 908 1013 939 manus
1048 891 1279 941 vitalibus
1315 894 1484 943 haeret
1705 901 1787 943 610

117 971 381 1035 ferratique
415 988 606 1034 ungues
643 980 814 1021 tenero
850 973 945 1021 sub
981 974 1134 1022 corde
1168 982 1461 1037 tepescunt:

118 1052 295 1102 obvius
330 1051 459 1112 huic,
498 1054 625 1101 latus
662 1069 812 1102 omne
846 1052 1006 1102 virum
1043 1053 1258 1118 stipante
1293 1073 1494 1119 corona,

118 1134 172 1182 fit
207 1133 411 1194 iuvenis,
451 1135 734 1197 ferrumque
769 1133 944 1198 ingens
981 1136 1075 1185 sub
1110 1146 1312 1200 pectore
1347 1139 1473 1188 duro

118 1213 361 1276 condidit,
395 1223 546 1278 atque
581 1214 704 1264 imas
739 1214 937 1265 animae
972 1234 1212 1267 mucrone
1246 1235 1456 1268 corusco

119 1304 360 1344 scrutatus
395 1297 608 1346 latebras
644 1299 848 1347 tandem
885 1315 974 1347 sua
1009 1308 1231 1348 monstra
1264 1302 1516 1363 profundo
1703 1308 1785 1364 615

116 1376 279 1426 reddit
314 1377 497 1426 habere
536 1377 659 1427 Iovi.
731 1377 866 1428 iuvat
901 1378 971 1428 ire
1008 1389 1056 1429 et
1092 1380 1250 1430 visere
1285 1380 1421 1431 iuxta

117 1457 311 1506 liventis
346 1456 398 1506 in
434 1467 593 1508 morte
628 1461 801 1509 oculos
842 1460 1067 1524 uterique
1101 1464 1371 1512 nefandam

118 1538 393 1602 proluviem
429 1548 478 1588 et
513 1557 678 1589 crasso
714 1541 991 1604 squalentia
1025 1551 1228 1605 pectora
1263 1544 1395 1604 tabo,

119 1636 218 1682 qua
252 1629 450 1670 nostrae
485 1620 710 1671 cecidere
744 1621 954 1672 animae.
1027 1632 1192 1688 stupet
1229 1626 1418 1674 Inacha
1452 1627 1627 1690 pubeS‚

119 1717 398 1764 magnaque
433 1711 546 1765 post
580 1703 806 1752 lacrimas
844 1704 1129 1755 etiamnunc
1163 1706 1345 1770 gaudia
1379 1709 1580 1771 pallent.
1705 1715 1789 1757 620

117 1781 170 1830 hi
206 1782 428 1832 trabibus
464 1783 599 1833 duris
637 1784 841 1850 (solacia
875 1803 1003 1835 vana
1037 1786 1218 1852 dolori)

117 1873 364 1927 proterere
400 1865 658 1915 exanimos
693 1875 827 1915 artus
862 1884 1134 1931 asprosque
1170 1868 1370 1918 molaris

117 1946 377 1994 deculcare
411 1945 580 2009 genis3
628 1947 801 2010 nequit
835 1947 958 1997 iram
994 1951 1189 2012 explere
1223 1959 1458 2013 potestas.

116 2024 251 2073 illam
287 2034 336 2074 et
370 2034 621 2076 nocturno
652 2027 839 2077 circum
875 2028 1084 2078 stridore
1118 2031 1342 2080 volantes

117 2106 358 2170 impastae
392 2107 584 2171 fugistis
619 2126 748 2170 aves,
787 2109 1114 2174 rabidamque
1150 2128 1333 2161 canum
1368 2112 1469 2163 vim
1701 2122 1783 2177 625

117 2205 302 2252 oraque
337 2188 469 2238 sicca
502 2191 666 2239 ferunt
701 2191 1008 2254 trepidorum
1043 2192 1260 2243 inhiasse
1295 2196 1540 2259 luporum.

117 2269 307 2319 saevior
328 2270 391 2319 ‘in
428 2271 633 2322 miseros
667 2272 779 2321 fatis
816 2272 1000 2322 ultricis
1035 2275 1302 2339 ademptae

118 2350 293 2401 Delius
327 2351 546 2415 insurgit,
581 2370 877 2418 summaque
912 2354 1159 2405 biverticis
1188 2357 1372 2406 'umbra

117 2432 320 2481 Parnasi
354 2433 574 2483 residens
610 2451 726 2484 arcu
762 2435 974 2485 crudelis
1009 2435 1182 2500 iniquo

117 2513 345 2576 pestifera
379 2532 516 2564 arma
549 2515 681 2578 iacit,
717 2534 1024 2581 camposque
1059 2527 1109 2567 et
1144 2521 1276 2568 celsa
1312 2521 1590 2585 Cyclopum
1702 2533 1786 2586 630

117 2602 247 2642 tecta
281 2593 559 2656 superiecto
594 2595 889 2644 nebularum
926 2596 1149 2647 incendit
1183 2597 1382 2648 amictu.

170 2725 252 2773 604
280 2724 454 2764 devesei
480 2723 592 2764 PD:
621 2725 780 2765 divesei
807 2725 933 2776 BKQ
1096 2728 1211 2767 luctu
1231 2728 1403 2781 (†tabo)
1432 2729 1478 2768 D
1584 2730 1667 2780 605
1695 2732 1785 2771 ani-

117 2777 238 2827 misq.
268 2775 313 2815 D
517 2781 600 2819 610
628 2785 671 2818 et
690 2781 857 2820 adunca
886 2782 931 2819 D
1122 2785 1203 2833 613
1234 2783 1302 2822 Fit
1328 2784 1371 2824 P
1386 2797 1399 2823 t
1426 2785 1458 2823 it
1477 2799 1508 2822 ω
1528 2784 1631 2835 (nisi
1646 2786 1688 2825 id
1707 2786 1782 2839 3¹)

115 2834 197 2882 619
225 2832 361 2881 pubes
388 2831 472 2870 PD
494 2835 715 2885 (suprascr.
736 2836 902 2883 †virtus
921 2835 966 2875 D
984 2835 1070 2876 ead.
1095 2837 1175 2887 m.)
1197 2851 1207 2877 ε
1235 2839 1384 2888 plebes
1414 2839 1541 2889 BKQ
1703 2842 1785 2881 620

114 2887 270 2936 gaudia
290 2887 515 2936 (†vulnera
532 2890 758 2942 suprascr.)
788 2890 833 2929 D
1022 2892 1104 2930 628
1132 2893 1281 2933 umbra
1303 2895 1448 2946 (†arce
1465 2895 1689 2948 suprascr.)
1708 2893 1754 2934 D
1774 2909 1784 2935 ε

115 2953 215 2981 arce
242 2940 308 2980 Al
