1884 3204
74 716 81 723 ·
166 715 296 755 tecta
330 706 458 768 vide,
495 709 986 774 fratremque—quid
1019 713 1180 760 aufers
1216 712 1405 761 lumina
1419 713 1713 764 ?,—-—fratrem‘
1776 719 1805 758 ,ἑ

82 1898 87 1901 ,
164 1843 379 1892 viscera!
428 1843 468 1892 si
505 1843 646 1892 vobis
682 1844 764 1893 hic
800 1861 952 1908 parvo
988 1845 1040 1893 in
1077 1855 1301 1910 tempore
1336 1863 1476 1897 carus

168 82 222 128 P.
262 81 503 131 PAPINI
540 82 745 132 STATI

166 230 466 284 exspectant,
504 224 763 287 multoque
797 226 924 274 latus
959 218 1288 291 praefulgurat
1322 244 1453 278 ense.

166 318 196 350 a
227 301 434 351 miserae
469 308 678 353 matres!
726 306 861 354 hunc
897 314 946 355 te
981 316 1254 372 noctesque
1290 308 1497 372 diesque

167 383 455 432 deflebam?
505 383 544 432 si
580 386 730 434 verba
765 395 933 436 tamen
969 388 1289 452 monitusque
1325 382 1526 439 tuorum
1574 399 1580 404 '
1802 453 1806 455 λ

167 463 395 528 dignaris,
434 466 555 513 dum
591 475 750 515 castra
784 467 930 516 silent
965 485 1304 533 suspensaque
1341 470 1528 519 bellum
1750 459 1807 534 5'2

166 545 403 594 horrescit
440 545 608 610 pietas,
645 548 865 611 genetrix
900 549 1150 613 iubeoque
1185 567 1438 614 rogoque:

166 623 181 670 i
218 641 415 674 mecum
451 627 736 692 patriosque
772 631 894 679 deos
930 647 1196 699 arsuraque
1232 633 1408 680 saltem

164 788 433 850 adloquere
468 798 517 838 et
551 806 756 852 regnum
793 790 892 839 iam
929 808 1009 841 me
1044 793 1139 841 sub
1173 792 1337 842 iudice
1372 810 1538 856 posce.

164 877 250 916 aut
286 868 425 917 dabit
460 878 545 918 aut
580 871 761 918 ferrum
800 888 948 920 causa
985 872 1187 922 meliore
1222 891 1456 923 resumes.
1750 884 1817 939 5ἰῇ

164 966 294 998 ann-e
331 949 474 998 times
511 967 574 999 ne
609 952 734 1000 forte
771 951 887 1012 doli,
927 961 976 1001 et
1012 962 1061 1002 te
1096 954 1298 1003 conscia
1333 964 1490 1004 mater
1809 946 1811 951 ’

165 1028 451 1093 decipiam?
493 1048 594 1079 non
631 1031 701 1080 sic
737 1031 941 1082 miseros
977 1035 1049 1082 fas
1085 1051 1235 1084 omne
1270 1035 1462 1098 penatis

165 1110 361 1174 effugit:
410 1111 490 1160 vix
526 1113 794 1176 Oedipoda
829 1115 1046 1164 ducente
1082 1115 1294 1166 timeres.

164 1191 311 1256 nupsi
347 1193 580 1256 equidem
618 1194 888 1259 peperique
924 1197 1076 1257 nefas,
1116 1199 1205 1247 sed
1241 1197 1393 1261 diligo
1428 1197 1537 1247 talis

165 1273 215 1337 (a
251 1275 394 1324 dolor
417 1274 447 1340 Ξ)
486 1285 534 1325 et
572 1286 757 1326 vestros
793 1277 1066 1326 etiamnum
1104 1295 1285 1328 excuso
1321 1281 1520 1329 furores.
1754 1299 1807 1341 5=

164 1357 301 1418 quod
341 1356 381 1404 si
416 1358 544 1406 adeo
581 1367 782 1421 perstas,
822 1361 950 1408 ultro
987 1359 1090 1421 tibi,
1130 1377 1287 1421 saeve,
1326 1360 1632 1425 triumphum

164 1437 463 1487 detulimus:
511 1438 660 1503 religa
695 1448 863 1503 captas
900 1439 950 1488 in
987 1449 1122 1504 terga
1156 1458 1360 1502 sorores,

163 1518 292 1568 inice
327 1518 489 1568 vincla
525 1520 679 1569 mihi:
737 1521 895 1585 gravis
931 1523 1029 1571 huc
1066 1532 1337 1587 utcumque
1372 1525 1553 1573 feretur

165 1610 213 1649 et
248 1610 398 1665 pater.
472 1603 535 1651 ad
572 1611 789 1651 vestrum
824 1603 1037 1667 gemitus
1074 1622 1208 1654 nunc
1243 1614 1381 1654 verto
1417 1606 1676 1668 pudorem,
1822 1667 1824 1670 Ι

166 1682 451 1743 Inachidae,
491 1683 701 1747 liquistis
741 1684 876 1734 enim
912 1702 1190 1750 parvosque
1226 1703 1470 1750 senesque
1719 1720 1723 1723 -
1757 1695 1823 1747 52'

164 1772 213 1812 et
248 1763 473 1813 lacrimas
510 1766 598 1813 has
635 1764 846 1828 quisque
881 1765 1053 1815 domi:
1100 1783 1190 1816 sua
1225 1766 1411 1816 credite
1447 1765 1590 1815 matri

167 1924 350 1989 (sitque
385 1924 594 1990 precor),
635 1925 756 1989 quid
793 1943 886 1987 me,
920 1943 1021 1987 or0‚
1058 1928 1239 1977 decet?
1286 1928 1470 1992 quidve
1493 1927 1600 1988 ista,
1629 1929 1771 1977 Pelas

168 2007 356 2056 ubera?
408 2007 473 2056 ab
514 2006 761 2070 Hyrcanis
799 2008 896 2057 hoc
933 2008 1220 2072 Odrysiisve
1256 2009 1477 2059 tulissem

165 2088 376 2152 regibus,
415 2097 464 2137 et
500 2088 541 2137 si
577 2088 663 2152 qui
699 2098 894 2139 nostros
929 2089 1091 2140 vicere
1126 2092 1333 2141 furores.
1504 2125 1506 2127 -
1763 2110 1839 2151 52

164 2170 382 2230 adnuite,
421 2179 506 2219 aut
543 2180 715 2219 natum
753 2173 1012 2235 complexa
1048 2172 1308 2237 superstite
1345 2173 1478 2223 bello

167 2251 248 2301 hic
284 2251 493 2302 moriar.’
564 2254 780 2302 tumidas
816 2249 1108 2318 frangebant
1143 2254 1278 2304 dicta
1313 2256 1544 2318 cohortis,

166 2333 488 2398 nutantisque
523 2333 683 2383 virum
718 2337 882 2398 galeas
919 2345 968 2385 et
1004 2354 1171 2401 sparsa
1205 2336 1398 2386 videres

166 2415 363 2465 fletibus
399 2433 536 2464 arma
569 2415 676 2479 piis.
750 2419 920 2480 quales
957 2417 1043 2466 ubi
1079 2420 1176 2467 tela
1210 2418 1440 2483 virosque

166 2497 378 2561 pectoris
415 2497 631 2562 impulsu
668 2498 827 2547 rabidi
863 2508 1075 2550 stravere
1110 2502 1294 2561 leones,
1762 2523 1785 2564 5
1872 2550 1876 2554 .

221 2641 302 2679 503
332 2641 446 2668 nunc
465 2628 510 2666 D
621 2641 703 2680 504
732 2630 1064 2682 znterrogatzbm's
1081 2631 1254 2682 signum
1269 2632 1399 2681 posuz
1508 2644 1589 2682 509
1619 2644 1771 2682 posces
1783 2630 1839 2672 P

169 2697 249 2734 quo
284 2688 430 2734 recepto
468 2684 564 2735 iam,
608 2697 674 2723 me
708 2685 743 2723 si
777 2684 916 2724 iudice
952 2698 1117 2737 posces,
1159 2685 1331 2724 conicias
1494 2697 1572 2735 511
1597 2686 1689 2727 doli
1722 2693 1766 2728 et
1822 2695 1839 2732 θ’

168 2738 362 2788 PBKQ:
397 2738 483 2778 doli
515 2745 559 2777 te
582 2738 696 2778 DN.
724 2739 811 2778 dilo
841 2745 882 2780 et
916 2742 975 2790 (te
1003 2747 1096 2791 sup.
1129 2746 1173 2779 et
1201 2740 1298 2780 add.
1327 2739 1413 2779 ead.
1450 2744 1528 2789 m.)
1560 2739 1598 2780 S
1760 2743 1844 2793 51'

170 2793 318 2841 effugit
350 2793 392 2831 P
419 2798 456 2831 et
486 2807 582 2832 cum
614 2807 697 2833 ras.
728 2794 803 2833 Κ.
833 2795 1009 2844 effugiet
1041 2794 1246 2844 BDNQS
1408 2794 1634 2844 Oedipoda
1672 2794 1812 2842 Weber

170 2847 397 2896 Oedipode
417 2848 528 2888 codd.
666 2860 745 2898 522
773 2849 830 2888 sit
851 2850 893 2888 P
999 2861 1127 2899 parvo
1148 2849 1215 2888 hic
1236 2849 1306 2888 D.
1335 2849 1415 2888 hoc
1436 2862 1565 2899 parvo
1586 2849 1628 2888 Β
1822 2874 1825 2876 >

167 2902 281 2951 quod
314 2914 382 2940 me
414 2915 489 2941 oro
519 2903 643 2941 decet
673 2904 784 2957 qusd
818 2903 863 2955 (o
893 2903 990 2943 add.
1022 2910 1114 2955 sup.
1146 2904 1240 2950 lm.)
1271 2917 1346 2942 ura
1376 2903 1442 2954 Q.
1479 2904 1664 2954 quidque
1693 2905 1772 2946 ista
1811 2909 1843 2942 ἕ.

167 2968 247 3006 524
277 2968 346 2996 -ve
366 2956 432 2996 P:
459 2969 557 3007 -que
578 2956 648 2996 ωδ
820 2970 904 3009 530
932 2958 1066 2997 rabidi
1086 2958 1196 2998 PK.
1225 2958 1362 3009 rapidi
1382 2957 1589 3010 BDNQS
1836 2967 1838 2969 ’
