1884 3204
970 39 1380 89 THEBAIDOS
1417 41 1631 89 LIBER
1668 42 1742 90 IX

91 177 317 242 amplexu
353 174 531 225 misero
566 174 779 234 tumuliS‚
819 175 1053 234 Crenaee,
1092 185 1300 239 reporto,

90 273 192 308 non
227 255 384 305 mihi?
427 271 520 305 nec
555 263 720 304 tantae
755 256 910 318 pudet
945 257 1076 304 heu!
1124 256 1419 320 miseretque
1454 256 1635 318 ruinae,

69 338 211 389 ‘dure
244 338 459 400 parens?
505 351 632 398 quae
667 345 716 385 te
751 337 848 383 alta
883 344 932 385 et
967 334 1294 385 ineluctabilis
1331 337 1432 386 imo
1659 356 1741 398 390

88 415 311 479 condidit
342 431 488 464 amne
522 417 675 478 paluS‚
714 431 815 478 quo
850 431 942 465 nec
977 424 1078 464 tam
1113 418 1266 466 cruda
1299 417 1492 480 nepotis

0 478 5 574 i
86 498 255 547 funera
288 513 382 545 nec
415 495 568 545 nostri
601 496 795 545 valeant
829 512 1142 560 perrumpere
1176 499 1437 560 planctus?

0 635 3 649 ‚
85 592 201 628 ecce
234 575 347 625 furit
382 575 627 639 iactatque
663 585 749 625 tuo
785 593 837 626 se
872 576 923 624 in
958 577 1146 640 gurgite
1182 577 1337 627 maior

63 655 457 720 'Hippomedom
494 655 632 704 illum
668 656 901 720 ripaeque
936 658 1200 722 undaeque
1235 666 1547 717 tremescunt,

0 793 4 806 ,
82 736 209 799 illius
242 736 455 800 impulsu
491 744 712 785 nostrum
748 737 874 786 bibit
907 739 1044 787 unda
1077 754 1300 788 cruorem
1324 756 1337 787 ε.
1655 757 1735 800 395

82 824 135 868 tu
169 816 304 880 piger
337 826 386 866 et
421 817 638 866 trucibus
674 817 828 867 facilis
864 818 1041 869 servire
1076 819 1306 883 Pelasgis.

80 898 144 949 'ad
178 895 366 957 cineres
401 899 573 947 saltem
610 915 936 962 supremaque
970 899 1098 948 iusta
1131 909 1342 960 tuorum,

1 1034 3 1038 ¹
81 993 235 1036 saeve,
273 977 398 1037 veni,
436 995 538 1027 non
573 977 654 1028 hic
690 981 850 1028 solum
885 997 1151 1030 accensure
1186 982 1451 1044 nepotem.'

0 1063 3 1122 J!
79 1056 157 1107 his
190 1058 362 1108 miscet
397 1061 622 1124 planctus
659 1062 970 1124 multumque
1004 1061 1207 1125 indigna
1241 1070 1463 1111 cruentat
1679 1124 1682 1126 v

0 1143 2 1205 J
79 1146 288 1205 pectora,
328 1142 579 1189 caeruleae
614 1142 829 1190 referunt
863 1142 1079 1191 lamenta
1113 1158 1332 1191 sorores:
1648 1160 1732 1202 400

78 1217 283 1283 qualiter
318 1219 588 1269 Isthmiaco
623 1222 848 1270 nondum
884 1221 1101 1271 Nereida
1133 1231 1278 1285 portu

0 1306 1 1310 ’
78 1300 396 1348 Leucothean
430 1299 674 1363 planxisse
710 1303 882 1361 ferunt,
922 1303 1044 1350 dum
1079 1311 1279 1365 pectore
1313 1303 1494 1351 anhelo

0 1439 1 1442 Ἰ
75 1377 274 1443 frigidus
309 1378 360 1427 in
395 1388 601 1428 matrem
637 1397 838 1430 saevum
873 1398 1007 1431 mare
1041 1381 1226 1446 respuit
1259 1381 1433 1430 infans.

140 1461 208 1508 At
241 1468 378 1524 pater
409 1477 589 1510 arcano
623 1460 842 1510 residens
878 1463 1105 1511 Ismenos
1140 1462 1192 1510 in
1227 1471 1381 1521 antro,

74 1541 207 1601 unde
240 1557 386 1590 aurae
420 1542 677 1605 nubesque
712 1541 892 1591 bibunt
925 1552 1074 1606 atque
1109 1542 1327 1592 imbrifer
1359 1559 1500 1592 arcus
1645 1563 1724 1607 405

73 1620 285 1686 pascitur
319 1630 368 1671 et
402 1622 576 1685 Tyrios
611 1622 784 1673 melior
817 1623 951 1673 venit
985 1641 1144 1673 annus
1180 1625 1231 1672 in
1266 1641 1419 1687 agros,

73 1710 127 1751 ut
159 1703 375 1752 lamenta
407 1705 578 1767 procul
615 1703 938 1770 (quamquam
974 1705 1143 1769 strepit
1177 1705 1306 1771 ipse)
1340 1722 1596 1770 novosque

71 1782 261 1846 accepit
294 1791 438 1833 natae
471 1783 695 1848 gemitus,
733 1786 861 1834 levat
894 1803 1067 1850 aspera
1101 1802 1274 1835 musco

22 1894 27 1898 ·
71 1864 199 1912 eolla
231 1880 526 1928 gravemque
560 1867 672 1929 gelu
708 1865 909 1928 crinem,
947 1866 1226 1930 ceciditque
1261 1868 1422 1917 soluta

70 1942 215 2008 pinus
249 1946 419 1994 adulta
453 1962 604 1994 manu
639 1945 940 2010 dimissaque
975 1947 1184 1996 volvitur
1218 1964 1354 1997 urna.
1642 1969 1724 2009 410

69 2023 208 2072 illum
243 2041 330 2088 per
364 2025 494 2088 ripas
530 2043 722 2076 annoso
758 2043 963 2091 scrupea
998 2028 1118 2078 limo

70 2119 155 2154 ora
188 2114 513 2155 exsertantem
549 2106 697 2156 silvae
732 2107 966 2171 fluviique
1002 2108 1215 2158 minores

68 2184 330 2236 mirantur:
370 2195 534 2236 tantus
569 2187 762 2238 tumido
796 2190 861 2238 de
895 2189 1082 2254 gurgite
1117 2190 1280 2254 surgit,

67 2279 357 2328 spumosum
392 2268 620 2316 attollens
655 2268 848 2332 apicem
883 2271 1123 2333 lapsuque
1158 2287 1339 2320 sonoro

69 2354 270 2410 pectora
305 2348 556 2396 caeruleae
590 2347 702 2397 rivis
739 2350 989 2399 manantia
1023 2351 1219 2400 barbae.
1639 2372 1729 2414 415,

65 2425 213 2474 obvia
247 2436 482 2490 cognatos
516 2428 727 2491 gemitus
762 2447 1031 2494 casumque
1065 2431 1260 2495 nepotis

0 2503 2 2559 ξ
65 2506 408 2569 Nympharum
446 2508 593 2556 docet
630 2525 729 2557 una
766 2518 955 2572 patrem
994 2519 1334 2575 monstratque
1369 2521 1628 2563 cruentum

116 2645 194 2684 391
225 2639 413 2673 nectam
430 2633 497 2675 P:
525 2647 604 2674 nec
634 2636 716 2675 iam
735 2635 807 2676 D:
840 2638 922 2676 iam
950 2650 1031 2677 nec
1058 2638 1226 2688 BKNQ
1425 2652 1503 2690 397
1533 2642 1655 2682 busta
1674 2643 1718 2682 D

0 2697 2 2735 ᾗ
61 2699 144 2738 399
172 2694 392 2728 cruentant
410 2687 454 2726 P
578 2702 655 2739 401
686 2691 834 2730 nereia
852 2691 895 2730 P
1046 2705 1124 2743 407
1154 2692 1309 2744 strepit
1326 2692 1393 2733 P:
1421 2690 1631 2747 obstrepit
1650 2696 1721 2736 ωδ

0 2770 1 2777 ,
59 2742 406 2836 ἑοιῇυεξελὶῑξίἰιᾳυθ
425 2741 469 2780 P
627 2756 705 2794 411
737 2758 899 2785 annosa
917 2745 961 2785 P
1065 2759 1253 2798 413-414
1282 2752 1443 2801 transp.
1461 2748 1505 2787 P
1621 2763 1716 2801 '413

115 2861 230 2891 sur.
252 2862 382 2892 τΗεΒ.
1532 2869 1536 2872 ’
1553 2857 1606 2897 16
