1884 3204
993 108 1405 157 THEBAIDOS
1443 108 1655 155 LIBER
1695 105 1747 155 11

98 257 146 298 et
180 245 345 312 patriis
380 248 592 309 spondet
627 247 832 295 reduces
868 245 1103 295 inducere
1138 245 1312 309 regnis.
1670 263 1747 292 200

165 330 295 390 Ergo
327 329 510 375 alacres
544 325 676 388 Argi,
713 327 823 375 fuso
858 343 1052 375 rumore
1087 343 1173 390 per
1207 327 1381 374 urbem

97 407 352 459 advenisse
386 406 502 456 duci
536 423 741 470 generos
776 398 1044 470 primisque
1079 407 1364 470 hymenaeis

97 488 337 553 egregiam
372 487 555 551 Argian
590 504 683 536 nec
718 489 904 537 formae
939 489 1086 537 laude
1121 489 1391 537 secundam

99 569 340 633 Deipylen
375 568 565 617 tumida
599 567 696 616 iam
732 568 1007 631 virginitate
1041 568 1208 632 iugari,

37 664 41 666 ·
96 649 273 715 gaudia
307 658 473 698 mente
507 658 713 712 parant3
760 649 918 698 socias
954 650 990 698 it
1027 652 1181 698 Fama
1215 666 1302 712 per
1336 648 1485 707 urbis,
1672 667 1748 708 ²05

71 729 413 793 finitimisque
446 729 655 793 agitatur
687 729 812 793 agris
848 731 1020 793 procul
1055 747 1212 792 usque
1249 732 1468 792 Lycaeos

98 810 484 874 Partheniosque
520 827 666 874 super
700 813 850 859 saltus
888 812 1247 874 Ephyraeaque
1282 827 1406 858 rura.

58 902 60 905 ’
97 909 188 941 nec
223 891 385 940 minus
421 891 647 955 Ogygias,
687 891 919 954 equidem
955 892 1049 940 dea
1083 891 1293 951 turbida,
1332 891 1533 939 Thebas

94 972 243 1021 insilit
277 982 326 1021 et
361 972 476 1022 totis
511 972 761 1036 perfundit
796 973 994 1022 moenia
1028 972 1224 1036 pennis,

98 1052 503 1116 Labdaciumque
538 1055 718 1102 ducem
755 1053 1051 1116 praemissae
1086 1070 1308 1103 consona
1343 1052 1479 1102 nocti
1674 1071 1752 1101 210

95 1133 308 1194 territat3
354 1133 568 1198 hospitia
602 1143 651 1182 et
685 1135 928 1184 thalamos
964 1144 1013 1183 et
1047 1137 1248 1184 foedera
1281 1133 1417 1197 regni

95 1214 488 1279 permixtumque
522 1230 677 1278 genus
713 1214 862 1279 (quae
897 1224 1034 1263 tanta
1067 1214 1265 1264 licentia
1299 1223 1534 1272 monstro,

96 1295 205 1358 quis
240 1297 372 1344 furor
386 1295 428 1359 Ρ)
465 1304 514 1345 et
549 1295 646 1343 iam
683 1296 814 1344 bella
848 1295 994 1344 canit.

1012 1376 1309 1425 =Diffuderat
1344 1378 1503 1438 Argos

94 1467 372 1522 exspectata
406 1457 544 1507 dies:
591 1459 722 1505 laeto
757 1456 936 1520 regalia
970 1466 1138 1506 coetu
1217 1469 1220 1473 ’
1746 1522 1750 1524 λ

94 1539 214 1588 atria
248 1540 570 1602 complentur,
609 1537 797 1601 species
832 1547 907 1586 est
942 1555 1141 1587 cernere
1175 1554 1380 1586 avorum
1673 1555 1747 1595 215

96 1619 372 1668 comminus
409 1628 457 1668 et
491 1618 612 1667 vivis
648 1618 884 1668 certantia
918 1618 1135 1668 vultibus
1170 1635 1314 1668 aera:

94 1702 306 1765 (tantum
340 1717 489 1749 ausae
523 1701 742 1763 perferre,
769 1716 945 1748 manus
966 1699 998 1765 l)
1044 1709 1183 1763 pater
1215 1700 1322 1763 ipse
1357 1699 1573 1748 bicornis

94 1780 144 1829 in
179 1782 372 1830 laevum
407 1797 563 1844 prona
596 1779 738 1829 nixus
773 1782 912 1829 sedet
948 1782 1165 1830 Inachus
1200 1797 1323 1829 urna
1340 1798 1354 1841 3

9 1893 14 1897 ·
95 1863 227 1910 hune
263 1861 380 1925 tegit
416 1861 674 1924 Iasiusque
709 1870 858 1910 senex
892 1861 1218 1925 placidusque
1254 1863 1558 1920 Phoroneus,

95 1952 144 1992 et
177 1943 385 1992 bellator
418 1942 555 1990 Abas
590 1941 973 2005 indignatusque
1009 1945 1292 1992 Tonantem
1674 1962 1752 1990 220

95 2023 312 2072 Acrisius
347 2024 584 2085 nudoque
619 2024 778 2071 ferens
814 2032 963 2086 caput
998 2040 1116 2072 ense
1152 2023 1423 2081 Coroebus,

96 2114 332 2167 torvaque
366 2103 465 2151 iam
503 2103 665 2151 Danai
699 2103 889 2152 facinus
926 2103 1208 2153 meditantis
1244 2103 1439 2167 imago3

97 2184 207 2234 exin
245 2184 378 2232 mille
414 2185 580 2232 duces.
653 2183 839 2233 foribus
874 2193 980 2232 tum
1016 2184 1236 2233 immissa
1272 2184 1494 2248 superbis

96 2266 232 2314 unda
264 2264 426 2314 fremit
460 2264 605 2327 vulgi,
643 2281 902 2327 procerum
938 2281 1114 2313 manus
1150 2265 1312 2314 omnis
1349 2254 1532 2314 et'alto

95 2345 205 2410 quis
239 2346 438 2412 propior
473 2346 536 2393 de
571 2361 683 2407 rege
716 2346 910 2408 gradus,
949 2354 1080 2393 stant
1116 2345 1290 2394 ordine
1325 2345 1483 2409 primi.
1672 2367 1751 2408 225

94 2425 293 2475 interior
327 2425 474 2474 sacris
510 2428 636 2474 calet
671 2435 720 2474 et
755 2435 898 2474 sonat
931 2428 1044 2475 aula
1078 2429 1293 2475 tumultu

60 2512 64 2513 ⁷
94 2507 309 2557 femineo
326 2525 340 2568 3
375 2515 508 2555 casta
544 2515 750 2555 matrem
787 2506 982 2557 cinxere
1018 2525 1201 2557 corona

28 2600 31 2602 ’
93 2587 366 2652 Argolides,
403 2604 514 2651 pars
549 2586 816 2653 virginibus
852 2587 1036 2636 circum
1074 2589 1295 2654 undique
1330 2591 1467 2639 fusae

147 2718 227 2756 208
243 2717 442 2765 equidem
456 2716 498 2753 A
507 2715 519 2737 ¹
538 2730 548 2754 z
575 2715 724 2754 eadem
737 2720 818 2754 cett.
841 2729 850 2754 :
876 2716 1021 2756 itidem
1036 2717 1305 2757 Lachmann:
1330 2720 1499 2758 tandem
1513 2719 1755 2758 Phillimore

93 2783 174 2822 209
201 2776 244 2810 et
263 2771 390 2810 DNA
414 2770 502 2809 edd.
523 2783 531 2808 :
573 2770 676 2809 haec
695 2769 898 2820 PBKQS
1004 2784 1086 2810 210
1113 2772 1355 2823 laudatique
1376 2774 1687 2825 fflaudarique)
1710 2774 1752 2812 A

94 2827 174 2864 216
199 2838 300 2864 aera
324 2826 416 2875 (ora
436 2827 658 2875 suprascr.)
691 2824 730 2875 Q
839 2838 917 2875 217
948 2826 1139 2875 proferre
1158 2826 1247 2866 edd.
1371 2841 1451 2878 223
1479 2828 1639 2867 foribus
1658 2841 1752 2867 cum

92 2879 174 2927 Ρω,
193 2892 293 2918 corr.
317 2879 525 2918 Baehrens
671 2891 749 2927 227
780 2884 957 2918 matrem
976 2879 1099 2931 PKQ
1119 2894 1128 2919 z
1162 2886 1343 2920 matrum
1363 2882 1534 2921 BDNA
1557 2897 1567 2921 ε
1596 2889 1753 2930 matres

80 2932 191 2990 ‘Cod.
210 2933 354 2984 Magd.
374 2933 462 2972 edd.
1160 2938 1166 2946 ¹
1290 2953 1296 2956 ·
1357 2933 1360 2935 ’
1714 2955 1718 2957 ⁴
1751 2943 1755 2946 ’

147 3012 265 3041 5ΤΑΤ.
283 3013 414 3040 'rm-313.
1617 3008 1642 3046 3
