1884 3204
151 147 209 194 P.
250 146 493 195 ΡΑΡΙΝΙ
532 145 737 195 STATI

156 294 211 333 ut
245 302 483 348 responsa
517 283 721 334 iuvent:
770 283 852 333 hic
887 285 1041 334 durae
1076 291 1301 348 tempore
1336 283 1496 333 noct-is
1565 286 1569 291 ’

156 376 322 428 partus
358 366 534 426 honos,
573 367 697 414 haec
733 365 815 414 illa
849 365 984 415 venit
1018 375 1131 428 post
1166 365 1369 414 verbera
1404 365 1622 413 merces!

223 447 513 507 Audieram,
553 448 774 510 fixosque
810 449 981 496 oculos
1017 464 1105 510 per
1139 456 1312 495 mutua
1347 447 1550 509 paulum

157 546 242 577 ora
277 537 461 588 tenent,
500 527 689 591 visique
724 528 851 577 inter
887 544 994 577 sese
1030 527 1203 576 ordine
1238 526 1376 575 fandi

158 611 349 671 cedere.
421 611 509 658 sed
546 609 736 658 cunctis
773 611 976 672 Tydeus
1010 607 1273 657 audentior
1307 606 1429 656 actis
1747 625 1822 668 175

157 689 360 753 incipit:
403 695 414 716 ‘
435 691 480 740 O
517 707 668 753 quam
705 699 754 738 te
790 707 995 753 parcum
1030 689 1082 737 in
1118 687 1382 752 praeconia
1416 689 1577 735 famae

160 788 300 820 mens
335 771 486 834 agitat
522 780 712 819 matura
748 780 875 830 tuae,
913 779 1256 833 quantumque
1291 771 1531 818 ferentem

157 853 406 901 fortunam
442 851 619 900 virtute
655 853 862 900 domas!
911 851 992 900 cui
1028 851 1175 899 cedat
1210 851 1453 899 Adrastus

157 933 410 996 imperiis?
456 932 566 1000 quis
602 942 651 981 te
686 932 812 981 solio
849 931 1071 994 Sicyonis
1107 930 1266 979 avitae

158 1014 372 1063 excitum
408 1012 625 1062 infrenos
662 1028 963 1075 componere
998 1011 1189 1074 legibus
1226 1013 1384 1073 Argos
1750 1019 1827 1058 180

112 1125 114 1127 v
158 1095 391 1144 nesciat?
448 1104 598 1157 atque
634 1093 825 1142 utinam
861 1092 938 1142 his
974 1092 1205 1141 manibus
1242 1090 1524 1154 permittere
1559 1089 1731 1153 gentis,

160 1175 383 1239 Iuppiter
418 1192 588 1238 aeque,
627 1174 761 1234 velis,
801 1191 923 1237 quas
962 1173 1174 1222 Doricus
1209 1171 1376 1235 alligat
1409 1170 1541 1220 intus

161 1257 381 1306 Isthmos
418 1266 466 1305 et
501 1258 691 1304 alterno
728 1272 850 1318 quas
888 1254 1108 1317 margine
1145 1254 1410 1302 submovet
1443 1252 1600 1301 infra!

160 1355 262 1387 non
297 1340 486 1402 fugeret
521 1336 650 1387 diras
685 1338 769 1385 lux
803 1334 1033 1384 intercisa
1069 1337 1327 1398 Mycenas,

160 1436 305 1468 saeva
340 1436 433 1468 nee
470 1420 621 1468 Eleae
656 1426 909 1482 gemerent
945 1415 1215 1466 certamina
1248 1417 1413 1474 valles,
1749 1423 1825 1474 185

162 1500 592 1565 (Eumenidesque
627 1499 734 1548 aliis
769 1499 894 1547 aliae
930 1498 1023 1547 sub
1059 1496 1278 1561 regibus)
1314 1505 1363 1545 et
1399 1513 1526 1558 quae

161 1593 214 1631 tu
250 1582 425 1646 potior,
464 1581 719 1642 Thebane,
760 1580 927 1644 queri:
975 1596 1067 1628 nos
1103 1595 1219 1627 vero
1254 1578 1487 1627 volentes*

161 1663 471 1726 expositique
506 1661 716 1712 animis!
786 1661 867 1710 hic
903 1660 1159 1710 interfatus
1195 1669 1245 1708 et
1279 1661 1401 1708 alter

162 1745 371 1794 subicit:
426 1747 600 1793 ‘Anne
635 1743 812 1806 aliquis
849 1751 1046 1792 soceros
1082 1743 1321 1790 accedere
1356 1739 1466 1807 talis

160 1827 383 1875 abnuat?
431 1826 681 1875 exsulibus
719 1840 1023 1888 quamquam
1059 1822 1314 1887 patriaque
1350 1821 1527 1884 fugatis
1750 1841 1829 1884 190

162 1909 388 1956 nondum
424 1909 552 1956 laeta
587 1909 779 1966 Venus,
813 1915 981 1954 tamen
1017 1904 1179 1953 omnis
1216 1904 1370 1953 corde
1405 1901 1586 1952 resedit

162 1988 367 2049 tristitia,
406 1987 655 2051 adfixique
690 1987 859 2036 animo
895 2002 1086 2035 cessere
1121 1986 1331 2034 dolores.

155 2087 256 2139 ⁸nec
292 2069 456 2117 minus
492 2069 616 2117 haec
651 2066 767 2117 laeti
802 2066 1041 2116 trahimus
1077 2065 1272 2125 solacia,
1311 2080 1461 2128 quam
1498 2065 1538 2113 si

162 2150 418 2214 praecipiti
453 2152 690 2199 convulsa
725 2151 864 2198 Noto
899 2156 1181 2211 prospectet
1215 2144 1427 2194 amicam

164 2232 344 2296 puppis
380 2234 604 2280 humum.
676 2230 810 2279 iuvat
844 2229 1089 2292 ingressos
1125 2227 1286 2277 felicia
1319 2227 1456 2291 regni
1753 2244 1829 2288 195

166 2314 351 2374 omina,
387 2314 524 2375 quod
559 2321 781 2376 superest
817 2310 903 2359 fati
939 2308 1168 2373 vitaeque
1203 2309 1431 2358 laborum

166 2398 364 2444 fortuna
389 2392 602 2445 transire
638 2395 752 2442 tua.²
823 2409 916 2441 nec
958 2394 1099 2456 plura
1133 2390 1311 2440 morati

166 2484 483 2538 consurgunt,
522 2473 667 2523 dictis
702 2473 974 2537 impensius
1009 2481 1205 2537 aggerat
1241 2488 1389 2520 omne

166 2556 464 2620 promissum
502 2554 736 2604 Inachius
772 2564 923 2618 pater,
961 2554 1243 2617 auxilioque
1276 2555 1495 2602 futurum

224 2698 297 2735 171
333 2686 478 2724 iubent
508 2684 546 2735 Q
577 2686 622 2735 (u
650 2691 740 2735 sup.
771 2684 797 2723 b
827 2697 897 2724 rec.
927 2685 1009 2736 m.)
1199 2696 1275 2732 174
1304 2695 1400 2721 sese
1431 2682 1617 2721 Nefandi
1644 2681 1687 2733 P
1718 2681 1830 2732 (ordi

166 2740 394 2792 suprascr.)
539 2751 615 2789 175
644 2739 845 2778 audacior
872 2738 957 2777 NA
1094 2750 1168 2787 177
1200 2738 1359 2777 animat
1377 2735 1482 2776 Ellis
1616 2737 1691 2784 178
1719 2735 1832 2775 cedit

167 2793 298 2844 DNQ
484 2795 559 2832 182
588 2795 703 2832 intus
731 2793 797 2832 P:
827 2794 951 2832 undis
981 2797 1063 2833 cett.
1252 2793 1441 2842 185-186
1468 2791 1573 2829 inter
1595 2791 1669 2829 hos
1687 2802 1832 2829 versus

164 2846 325 2897 aliquid
343 2848 530 2886 excidisse
553 2852 709 2898 putant
734 2847 929 2886 Duebner
952 2847 1127 2885 Mueller
1138 2846 1388 2885 Kohlmann
1556 2846 1632 2883 186
1660 2849 1830 2884 tantum

169 2903 536 2953 interpunctionem
557 2902 722 2940 mutavi
736 2916 744 2940 :
773 2901 866 2940 aliis
886 2901 994 2940 aliae
1015 2906 1160 2940 essent
1179 2900 1351 2950 regibus
1370 2899 1583 2939 Baehrens
1756 2898 1830 2947 187

168 2956 328 3006 poterit
349 2956 543 3006 (†potior
563 2956 616 2995 al.
642 2956 723 3007 m.)
746 2955 786 3006 Q
805 2970 814 2995 :
844 2956 959 3006 potis
980 2969 1026 2994 es
1051 2955 1285 3008 (†poteris)
1307 2955 1348 2993 A
