1884 3204
779 115 1183 166 PRAEFATIO

151 253 350 301 saeculo
386 261 562 302 octavo
599 262 809 303 exeunte
841 255 918 303 vel
955 251 1158 302 ineunte
1193 267 1330 301 nono
1365 252 1523 300 codex
1558 267 1708 314 quem
1744 247 1807 299 ω*

149 333 422 383 nominabo
449 343 498 383 et
522 334 607 398 qui
639 333 920 382 communis
953 342 1055 382 erat
1080 332 1216 396 origo
1240 332 1471 382 codicum
1495 331 1815 393 BDKNQS

149 413 262 479 ωδ).
336 417 467 463 Nam
493 415 555 462 ω*
583 413 717 478 prius
749 413 990 463 exstitisse
1015 429 1165 476 quam
1185 415 1238 462 P
1268 422 1456 463 certum
1481 421 1568 472 est,
1595 412 1809 477 primum

150 512 210 544 ex
234 513 295 545 eo
320 497 458 558 quod
482 518 530 557 π,
552 511 653 558 quo
678 503 902 558 tempore
927 493 1201 558 descriptus
1227 503 1301 544 est
1324 497 1386 555 P,
1411 493 1510 543 iam
1535 492 1809 542 marcidum

147 587 196 627 et
222 578 449 627 mutilum
477 576 643 626 multis
678 575 800 626 locis
833 575 982 626 fuisse
1017 585 1256 626 testantur
1280 575 1325 627 ei
1342 589 1517 627 'versus
1541 592 1667 639 quos
1693 573 1811 640 (alio

149 658 425 724 proposito)
462 660 611 708 Klotz
642 657 693 707 in
721 657 887 719 Praef.
915 658 1091 707 Achill.
1123 674 1205 721 pp.
1231 657 1397 706 viii-xi
1420 656 1652 717 laudavit,
1686 658 1810 705 haec

147 749 314 790 autem
352 738 595 788 mutilatio
629 739 855 787 nondum
889 747 1118 788 evenerat
1154 738 1241 788 ubi
1275 761 1312 788 π
1338 738 1390 787 in
1419 755 1596 786 manus
1621 737 1810 786 scribae

149 820 335 870 codicis
372 820 434 869 ω*
474 819 682 870 cecidit:
731 818 915 868 deinde
956 836 1016 868 ex
1056 836 1117 870 eo
1153 821 1291 883 quod
1322 819 1505 884 passim
1542 820 1622 868 ωδ
1651 835 1812 868 corru-

148 901 344 965 ptiones
393 910 442 951 et
487 899 891 964 interpolationes
939 900 1127 950 habent
1174 917 1382 964 quarum
1430 916 1601 964 expers
1642 908 1716 948 est
1762 901 1817 948 P

148 999 376 1046 quaeque
428 999 531 1032 non
584 980 679 1030 nisi
728 982 877 1045 longo
936 981 1171 1045 temporis
1230 982 1487 1032 intervallo
1545 980 1811 1045 multisque
1871 1020 1877 1028 .

146 1062 437 1113 intermissis
472 1062 730 1112 codicibus
766 1071 954 1112 exstare
989 1062 1280 1126 potuissent.

215 1146 314 1194 Sed
360 1144 472 1204 iam,
522 1161 586 1194 ne
633 1143 836 1194 miratus
883 1143 948 1193 sis
990 1161 1054 1195 an
1096 1145 1220 1193 haec
1271 1142 1510 1192 ‘maxima
1549 1144 1614 1192 de
1654 1141 1811 1191 nihilo

146 1235 373 1276 nascatur
420 1225 649 1276 historia'
701 1225 1122 1290 palaeographica,
1184 1225 1354 1290 paucis
1413 1241 1657 1289 exponam
1710 1240 1809 1287 qua

146 1307 334 1357 ratione
370 1309 521 1357 fretus
557 1323 685 1371 quae
721 1306 821 1356 dixi
858 1307 1077 1356 dixerim.

159 1443 163 1446 ,
214 1390 297 1438 Ad
322 1405 477 1438 unum
511 1388 671 1438 redire
694 1390 1016 1452 archetypum
1049 1390 1176 1439 PwS
1197 1397 1246 1438 et
1279 1387 1446 1437 multis
1483 1405 1543 1437 ex
1565 1386 1687 1436 locis
1723 1385 1810 1435 ubi

146 1469 197 1519 in
257 1469 445 1520 eisdem
505 1469 748 1519 erroribus
801 1470 1087 1534 conspirant
1146 1465 1462 1519 manifestum
1515 1477 1590 1518 est
1646 1483 1810 1530 neque

146 1550 409 1614 quisquam
434 1567 655 1614 unquam
680 1550 888 1614 negavit.
964 1554 1128 1612 Porro,
1156 1550 1392 1614 quoniam
1419 1548 1664 1599 eiusmodi
1697 1557 1811 1597 sunt

147 1631 198 1681 hi
257 1649 442 1681 errores
501 1641 555 1682 ut
613 1632 706 1682 nisi
764 1650 852 1697 per
908 1632 1236 1682 minusculam
1295 1630 1544 1681 scribendi
1601 1632 1809 1679 formam

145 1713 376 1777 explicari
411 1730 513 1762 non
546 1714 751 1777 possint,
779 1714 1000 1777 sequitur
1035 1713 1323 1763 minusculis
1356 1715 1454 1762 hoc
1489 1713 1809 1775 archetypum.

146 1793 222 1859 (π)
261 1794 412 1844 fuisse
459 1794 645 1844 litteris.
717 1798 782 1844 Et
817 1805 993 1845 octavo
1037 1798 1235 1845 saeculo
1274 1805 1437 1844 ortum
1476 1810 1584 1844 esse
1625 1816 1674 1855 π,
1719 1793 1810 1842 etsi

145 1875 309 1924 minus
343 1885 544 1936 certum,
580 1885 630 1924 at
667 1876 768 1926 veri
801 1876 972 1925 simile.
1048 1879 1197 1926 Klotz
1232 1875 1365 1926 enim
1402 1874 1589 1924 notavit
1625 1890 1810 1924 errores

145 1955 333 2006 codicis
357 1997 360 2000 .
380 1959 436 2006 P
473 1956 705 2006 facillime
752 1974 839 2021 per
885 1959 1132 2022 exemplar
1180 1956 1457 2007 Hibernica
1504 1958 1581 2005 vel
1629 1957 1811 2019 Anglo-

145 2036 388 2087 Saxonica
411 2036 679 2087 litterarum
699 2027 857 2087 forma
875 2055 1020 2087 usum
1039 2038 1268 2102 explicari
1287 2055 1432 2101 posse
1452 2057 1461 2086 :
1498 2039 1720 2086 conferas
1745 2036 1811 2085 sis

143 2135 272 2182 quae
318 2118 400 2169 ille
448 2119 512 2168 de
558 2120 652 2168 hac
698 2136 749 2169 re
796 2118 847 2167 in
895 2119 1155 2183 Philologo
1208 2135 1335 2182 1904
1376 2117 1578 2168 dixerit:
1631 2119 1811 2168 eodem

146 2209 368 2264 spectare
415 2199 583 2249 iudico
630 2202 767 2250 locos
816 2202 987 2264 quales
1037 2209 1151 2250 sunt
1199 2201 1339 2249 leeb.
1383 2199 1447 2249 iii.
1490 2217 1547 2263 13
1582 2199 1810 2249 turRibus

145 2283 207 2341 P,
257 2280 336 2330 vii.
388 2284 485 2343 613
528 2281 758 2345 potuitNe
796 2284 856 2342 P,
906 2281 1130 2345 aliosque
1178 2298 1303 2344 quos
1351 2279 1600 2330 adducere
1647 2297 1811 2344 super-

145 2363 313 2422 sedeo,
352 2361 439 2411 ubi
479 2362 663 2412 litteras
703 2377 739 2411 N
781 2371 829 2413 et
866 2378 900 2411 R
936 2362 987 2411 in
1024 2362 1353 2411 imitationem
1392 2361 1695 2411 Hibernicae
1732 2362 1810 2410 vel

146 2443 603 2507 Anglo-Saxonicae
645 2443 912 2507 scripturae
948 2446 1101 2492 factas
1139 2460 1246 2493 esse
1282 2444 1473 2507 opinor.
1547 2444 1723 2506 Itaque
1759 2441 1810 2490 in

145 2533 379 2590 promptu
417 2533 491 2574 est
533 2524 760 2575 conicere
801 2526 865 2575 de
907 2526 1087 2574 eodem
1125 2524 1251 2573 libro
1293 2523 1596 2588 descriptum
1632 2540 1740 2573 esse
1773 2546 1811 2572 π

146 2622 297 2670 quem
321 2614 498 2655 octavo
531 2607 728 2655 saeculo
753 2605 804 2653 in
828 2605 1132 2655 bibliotheca
1161 2604 1446 2654 monasterii
1480 2604 1810 2654 Eboracensis

146 2686 387 2736 exstitisse
433 2695 638 2736 testatur
689 2686 918 2747 Albinus,
968 2695 1018 2736 et
1063 2686 1227 2751 ipsum
1275 2685 1448 2735 Albini
1505 2685 1732 2735 codicem
1769 2693 1810 2748 p

147 2767 309 2817 fuisse.
382 2767 623 2817 Albinum
648 2784 817 2817 secum
842 2767 894 2817 in
919 2768 1131 2817 Galliam
1157 2769 1406 2832 exemplar
1435 2766 1638 2831 aliquod
1662 2765 1810 2816 huius

146 2848 257 2898 libri
291 2847 373 2914 (p)
416 2849 585 2898 tulisse
621 2866 722 2899 non
766 2849 982 2899 mireris:
1030 2849 1185 2898 immo
1226 2866 1330 2898 non
1369 2849 1537 2898 tulisse
1585 2848 1808 2898 mirabile

148 2938 290 2980 esset.
331 2931 447 2992 Quo
466 2932 673 2994 quadrat
693 2948 867 2980 omnes
882 2929 1185 2995 antiquiores
1201 2930 1491 2980 Thebaidos
1511 2939 1559 2979 et
1578 2929 1811 2979 Achillei-

71 3037 73 3039 ·
149 3011 241 3062 dos
261 3010 473 3072 codices,
502 3028 602 3060 uno
629 3011 870 3061 Etonensi
895 3020 1116 3075 excepto,
1136 3010 1379 3062 Carolinis
1405 3009 1575 3060 litteris
1601 3009 1808 3074 scriptos

956 3109 1002 3140 vl
