1884 3204
0 0 43 85 Η

0 173 26 220 ᾳ)

0 242 5 275 l

0 371 24 568 ³³1

0 827 10 1194 ‚c-w,-‚—„‚--
0 571 9 821 ww-
0 475 6 537 ..-

1010 80 1421 130 THEBAIDOS
1458 81 1672 129 LIBER
1708 83 1753 129 X

106 215 317 269 destinat
350 213 539 264 Aonios
574 215 674 263 leto
709 214 956 278 praebere,
996 230 1235 277 suamque
1703 224 1756 263 80

78 297 306 349 ‚orbibus
339 294 528 358 accingi
563 294 718 343 solitis
753 294 890 343 iubet
927 293 1028 342 Irin
1065 303 1114 343 et
1148 311 1298 344 omne

106 377 306 427 mandat
339 391 476 439 opus.
548 383 684 438 paret
719 373 861 424 iussis
896 375 992 423 dea
1026 376 1155 423 clara
1189 377 1460 438 polumque

105 456 280 521 linquit
313 465 363 506 et
396 455 446 503 in
482 464 630 505 terras
665 457 814 518 longo
848 455 1164 518 suspenditur
1197 472 1327 504 arcu.

116 585 120 589 r
171 539 276 587 Stat
309 553 454 600 super
488 535 726 585 occiduae
761 536 1000 585 nebulosa
1035 535 1217 583 cubilia
1250 535 1410 604 noctis

73 655 75 657 .
105 618 474 682 Aethiopasque
507 616 642 677 alios,
681 616 802 665 nulli
837 615 1152 679 penetrabilis
1188 625 1332 674 astro,
1704 625 1754 676 85

104 700 243 751 lucus
278 697 420 757 iners,
457 697 723 760 subterque
758 696 889 746 cavis
924 713 1069 760 grave
1103 696 1308 760 rupibus
1341 705 1536 745 antrum

105 779 143 829 it
175 795 383 827 vacuum
419 777 470 825 in
506 787 743 838 montem,
781 794 880 841 qua
914 777 1099 827 desidis
1135 777 1256 826 atria
1292 777 1462 827 Somni

90 874 428 921 -securumque
464 860 614 908 larem
651 858 812 923 segnis
848 861 1039 907 Natura
1073 858 1266 907 locavit.

104 938 252 989 limen
287 955 444 1002 opaca
479 938 634 1001 Quies
671 949 719 988 et
754 939 890 1003 pigra
925 938 1125 989 Oblivio
1162 948 1354 988 servant

103 1027 152 1070 et
185 1035 456 1082 numquam
491 1019 623 1084 vigili
658 1030 857 1084 torpens
896 1020 1098 1083 Ignavia
1132 1022 1283 1068 vultu.
1704 1040 1758 1081 90

69 1103 71 1106 ’
104 1099 219 1150 Otia
252 1099 496 1150 vestibulo
531 1101 809 1164 pressisque
845 1101 1049 1150 Silentia
1083 1100 1247 1164 pinnis

104 1189 237 1229 muta
271 1182 446 1230 sedent
478 1181 783 1245 abiguntque
817 1191 977 1231 truces
1012 1199 1042 1230 a
1076 1181 1291 1231 culmine
1325 1191 1499 1230 ventos

102 1269 151 1319 et
184 1277 345 1310 ramos
380 1279 536 1311 errare
571 1271 737 1311 vetant
772 1271 822 1311 et
856 1279 1106 1311 murmura
1140 1264 1349 1311 demunt

101 1341 310 1391 alitibus.
383 1359 484 1390 non
521 1342 601 1391 hic
635 1342 807 1406 pelagi,
845 1342 959 1392 licet
994 1342 1163 1391 omnia
1196 1344 1412 1391 clament

102 1421 259 1483 litora,
293 1438 395 1470 non
431 1425 558 1471 ullus
594 1423 717 1472 caeli
751 1425 942 1486 fragor;
988 1423 1093 1486 ipse
1129 1422 1386 1486 profundis
1704 1443 1757 1483 95

102 1502 308 1551 vallibus
344 1502 579 1566 effugiens
615 1505 879 1567 speluncae
914 1503 1164 1566 proximus
1200 1503 1359 1552 amnis

103 1600 216 1633 saxa
248 1582 375 1632 inter
409 1585 739 1648 scopulosque
774 1584 929 1633 iacet:
976 1583 1218 1648 nigrantia
1252 1583 1434 1633 circum

101 1673 333 1724 armenta,
372 1680 521 1713 omne
556 1665 664 1713 solo
699 1665 902 1714 recubat
935 1681 1102 1727 pecus,
1141 1673 1190 1713 et
1225 1681 1356 1713 nova
1391 1674 1610 1714 marcent

101 1743 331 1808 gramina,
369 1753 706 1808 terrarumque
739 1744 943 1794 inclinat
979 1745 1175 1808 spiritus
1211 1746 1402 1794 herbas.

0 1814 33 1889 ζ,
103 1824 235 1874 mille
269 1824 400 1874 intus
437 1825 696 1874 simulacra
731 1825 811 1874 dei
847 1827 1119 1875 caelaverat
1153 1827 1331 1874 ardens
1681 1845 1760 1874 100

104 1905 376 1955 Mulciber:
424 1905 505 1954 hic
539 1908 707 1955 haeret
741 1905 879 1954 lateri
913 1905 1140 1955 redimita
1173 1908 1431 1969 Voluptas,

102 1986 183 2035 hic
217 2002 385 2035 comes
420 1986 470 2034 in
506 1986 725 2049 requiem
761 2003 964 2050 vergens
1001 1987 1166 2035 Labor
1183 2004 1197 2046 3
1242 1995 1316 2035 est
1350 1986 1436 2035 ubi
1473 1988 1687 2046 Baccho,

101 2076 175 2117 est
209 2067 296 2116 ubi
333 2066 637 2130 Martigenae
673 2066 861 2116 socium
898 2067 1122 2130 pulvinar
1156 2067 1328 2117 Amori

102 2147 294 2198 obtinet
309 2166 322 2208 ;
369 2147 570 2196 interius
605 2147 722 2196 tecti
757 2147 808 2195 in
843 2148 1176 2211 penetralibus
1211 2147 1321 2197 altis

102 2239 151 2279 et
186 2246 300 2278 cum
338 2231 502 2278 Morte
536 2229 675 2288 iacet,
714 2228 934 2293 nullique
968 2246 1026 2278 ea
1060 2229 1208 2278 tristis
1243 2229 1406 2293 imago
1681 2250 1757 2292 105

103 2310 327 2360 cernitur.
399 2311 493 2359 hae
528 2309 744 2374 species:
793 2312 889 2373 ipse
921 2319 1087 2359 autem
1123 2311 1343 2360 umentia
1378 2311 1544 2360 subter

157 2439 212 2488 89
238 2438 395 2478 oblivio
415 2437 697 2477 Lindenbruch
715 2451 724 2477 :
752 2437 904 2476 oblivia
922 2437 1029 2476 PwS
1240 2450 1294 2488 95
1323 2439 1432 2477 ullus
1451 2438 1533 2476 PA
1551 2451 1561 2476 τ
1591 2437 1674 2478 illic
1693 2438 1763 2478 mS

104 2505 156 2544 97
186 2493 294 2532 iacet
312 2491 394 2530 PA
418 2506 427 2531 :
454 2498 566 2531 tacet
585 2507 616 2530 ω
725 2505 782 2531 an
800 2492 1039 2542 pigrentia!
1148 2492 1306 2532 circum
1326 2492 1389 2532 P:
1421 2494 1530 2532 circa
1548 2508 1579 2531 ω
1705 2506 1760 2544 99

103 2547 295 2597 gramina
314 2545 414 2586 Ald.
439 2560 449 2585 ι
477 2547 670 2596 germina
706 2545 816 2586 codd.
933 2558 1115 2596 100-105
1144 2551 1307 2586 exstant
1323 2547 1365 2585 in
1385 2546 1428 2585 P
1445 2547 1594 2597 (adscr.
1623 2546 1676 2586 al.
1698 2561 1755 2587 m.

107 2601 176 2639 ‘hi
204 2613 354 2640 versus
379 2601 423 2638 in
444 2600 617 2649 reliquis
648 2613 733 2638 non
767 2601 1016 2652 habentur’)
1038 2600 1094 2651 A,
1148 2600 1244 2640 Cod.
1270 2601 1386 2653 Corp.
1405 2601 1495 2641 dett.
1520 2602 1762 2641 nonnullis:

105 2667 186 2694 om.
205 2654 274 2694 ωδ
442 2667 514 2693 101
546 2653 761 2703 Mulgiber
777 2653 819 2692 P
985 2654 1125 2707 lateri]
1148 2655 1247 2694 lotis
1266 2655 1433 2705 Bentley
1451 2669 1471 2695 e
1489 2655 1582 2694 cod..
1595 2656 1673 2704 qui
1687 2655 1759 2694 loti

98 2709 316 2761 praebebat
512 2721 587 2747 102
617 2709 800 2747 laborem
822 2708 877 2747 ibi
898 2708 994 2748 Cod.
1021 2708 1137 2760 Corp.
1337 2721 1412 2759 103
1441 2709 1496 2748 ibi
1517 2709 1616 2748 Cod.
1638 2709 1756 2761 Corp.

106 2763 357 2813 martigerae
374 2761 417 2800 P
433 2776 444 2802 ε
471 2764 697 2812 martigero
717 2763 758 2801 A
858 2774 933 2812 105
963 2769 1097 2802 marte
1116 2762 1212 2802 Cod.
1230 2763 1349 2814 Corp.
1451 2765 1528 2803 106
1556 2763 1755 2803 cernitur.

106 2817 187 2856 hae
205 2817 370 2867 speeies
388 2830 397 2855 ε
420 2815 514 2867 ipse
535 2822 675 2855 autem
695 2816 894 2856 Vollmer:
924 2817 1111 2856 cernitur
1129 2818 1206 2869 hec
1225 2817 1391 2868 species
1409 2823 1550 2856 autem
1571 2816 1639 2856 P:
1668 2817 1760 2869 ipse

107 2876 248 2911 autem
267 2883 425 2911 vacuus
446 2871 559 2911 curis
573 2871 640 2911 ωδ
655 2885 665 2909 z
679 2870 784 2921 fort.
807 2871 1022 2911 cernitur:
1051 2872 1155 2912 haec
1167 2871 1335 2923 species
1355 2877 1546 2914 tantum:
1578 2871 1668 2923 ipse
1685 2902 1695 2912 .
1716 2902 1726 2912 .
1746 2903 1756 2913 .
