1884 3204
959 81 1368 130 THEBAIDOS
1405 81 1621 128 LIBER
1657 81 1731 128 IX

86 230 200 271 ante
235 228 345 270 tuos
380 218 604 268 confessa
637 217 792 279 pe'des
808 233 823 276 ς
868 232 962 264 nec
998 217 1212 279 degener
1246 215 1327 264 ille

74 298 337 365 ⁸sanguinis
372 298 522 361 inque
557 313 695 347 meos
730 295 938 359 reptavit
973 295 1198 358 protinus
1233 311 1408 344 arcus:
1649 303 1731 342 620

86 382 182 432 tela
226 396 347 444 puer
380 376 590 427 lacrimis
626 385 676 426 et
710 375 868 440 prima
902 392 1025 424 voce
1060 375 1300 439 poposcit.

85 460 217 511 hunc
252 457 372 507 mihi
407 457 550 523 (quid
586 456 804 520 trepidae
839 464 1011 505 noctes
1047 472 1350 519 somnusque
1387 454 1636 503 minantur
1654 454 1700 520 P)

90 543 236 608 hune,
274 554 459 603 precor,
497 536 673 586 audaci
709 535 798 600 qui
830 552 965 584 nunc
1000 537 1064 585 ad
1100 535 1286 599 proelia
1320 544 1437 584 voto

68 622 180 673 heu
215 618 421 668 nimium
456 617 547 667 tibi
580 618 697 666 fisus
732 615 848 677 abit,
887 618 953 666 da
986 616 1143 665 visere
1179 615 1295 664 belli
1333 605 1337 608 ’

60 700 328 759 victorem,
360 700 451 759 vel,
489 697 529 769 si
563 699 728 761 ampla
762 706 896 761 peto,
932 698 996 746 da
1031 697 1186 746 visere
1222 699 1444 745 tantum!
1649 703 1732 758 625

47 787 51 789 ’
84 780 164 831 hic
197 781 341 829 sudet
376 788 558 842 tuaque
593 794 729 827 arma
763 779 918 826 ferat:
964 793 1134 840 preme
1169 776 1274 826 dira
1309 778 1551 826 malorum

82 861 218 926 signa
235 878 250 922 3
296 859 417 924 quid
451 859 502 908 in
537 859 729 919 nostris,
767 858 1029 908 nemoralis
1066 858 1224 919 Delia,
1263 857 1395 907 silvis

79 943 355 996 Maenades
389 940 592 990 hostiles
626 939 967 1004 Thebanaque
1003 939 1208 988 numina
1242 941 1485 1004 regnant?

83 1022 128 1074 ei
161 1021 314 1071 mihi!
356 1038 442 1070 cur
475 1020 671 1085 penitus
707 1019 920 1085 (simque
954 1037 1107 1084 augur
1141 1037 1279 1069 cassa
1314 1020 1461 1069 futuri
1482 1024 1527 1083 ἒ),

82 1120 168 1154 cur
199 1101 394 1167 penitus
431 1118 710 1166 magnoque
744 1101 1035 1164 interpretor
1069 1100 1236 1150 omine
1272 1104 1546 1164 quercum?
1652 1108 1732 1162 630

83 1185 218 1250 quod
253 1182 294 1232 si
315 1194 441 1232 'vera
476 1199 625 1246 sopor
659 1182 865 1231 miserae
900 1181 1151 1246 praesagia
1186 1181 1347 1241 mittit,

81 1280 166 1329 per
199 1273 248 1313 te
282 1272 544 1323 maternos,
583 1262 713 1311 mitis
752 1262 1013 1325 Dictynna,
1053 1263 1244 1311 labores

79 1345 444 1407 fraternumque
478 1345 648 1405 decus,
683 1342 874 1391 cunctis
910 1344 1042 1391 hunc
1078 1343 1172 1405 fige
1208 1339 1394 1404 sagittis

38 1419 40 1421 ’
83 1422 327 1474 infelicem
363 1433 588 1485 uterum3
634 1423 841 1472 miserae
877 1422 982 1471 sine
1017 1423 1189 1471 funera
1226 1422 1394 1471 matris

81 1505 247 1555 audiat
280 1504 361 1555 ille
395 1505 554 1569 prior!
574 1507 585 1528 '
643 1503 776 1564 dixit,
815 1505 1033 1566 fletuque
1069 1505 1232 1552 soluto
1653 1510 1731 1565 635

46 1648 49 1650 p
80 1585 252 1651 aspicit
286 1594 335 1635 et
369 1585 541 1634 niveae
577 1601 748 1634 saxum
783 1582 1032 1633 maduisse
1069 1583 1275 1633 Dianae.

148 1669 291 1716 Illam
326 1666 440 1716 diva
473 1667 608 1715 ferox
643 1665 914 1715 etiamnum
949 1664 999 1712 in
1035 1663 1206 1713 limine
1241 1681 1379 1713 sacro

81 1746 355 1812 expositam
391 1755 440 1796 et
474 1745 660 1811 gelidas
696 1751 971 1795 verrentem
1013 1744 1230 1794 crinibus
1265 1761 1372 1793 aras

23 1885 28 1890 Δ
78 1827 268 1892 linquit,
306 1836 355 1877 et
389 1827 439 1875 in
476 1826 652 1876 mediis
689 1828 1002 1875 frondentem
1040 1827 1309 1874 Maenalon
1344 1825 1483 1874 astris

79 1917 334 1971 exsuperat
370 1909 495 1956 saltu
531 1923 851 1970 gressumque
885 1908 950 1956 ad
985 1905 1184 1954 moenia
1220 1906 1401 1963 Cadmi
1650 1914 1732 1966 640

79 1987 304 2047 destinat,
343 1987 543 2037 interior
578 1987 701 2037 caeli
737 2003 836 2050 qua
870 1986 1045 2035 semita
1079 1986 1216 2035 ducit

78 2068 153 2119 dis
188 2077 381 2118 tantum
417 2077 466 2118 et
500 2077 703 2118 cunctas
738 2068 872 2117 iuxta
906 2067 1040 2116 videt
1075 2069 1227 2117 ardua
1261 2076 1424 2117 terras.

78 2149 276 2214 iamque
310 2151 410 2199 fere
430 2148 669 2199 »medium
706 2147 907 2197 Parnasi
942 2149 1151 2197 frondea
1183 2157 1373 2212 praeter

79 2233 206 2280 colla
239 2231 440 2280 tenebat
475 2230 576 2290 iter,
616 2246 732 2279 cum
769 2231 966 2278 fratrem
1002 2229 1054 2277 in
1089 2229 1223 2278 nube
1259 2246 1462 2278 corusca

78 2311 253 2376 aspicit
287 2313 422 2360 haud
458 2310 603 2360 solito
637 2310 774 2360 visu:
821 2311 1073 2360 remeabat
1107 2310 1171 2359 ab
1204 2310 1352 2359 armis
1649 2320 1731 2375 645

131 2443 213 2492 619
239 2442 374 2492 pedes
392 2440 589 2480 confessa
608 2445 706 2479 tuos
725 2440 774 2478 N
890 2441 970 2479 62ο
999 2452 1132 2489 usque
1158 2452 1278 2479 meos
1298 2441 1462 2489 optavit
1482 2441 1732 2493 temptabam

0 2513 2 2530 r
66 2498 151 2535 ‘621
184 2509 269 2535 om.
289 2494 339 2544 P,
362 2494 540 2533 damnat
568 2493 810 2533 Phillimore
1022 2497 1102 2533 622
1133 2507 1244 2533 nunc
1266 2494 1304 2544 Q
1451 2495 1637 2535 minatur
1652 2496 1739 2546 QN

33 2591 35 2595 ,
76 2552 156 2600 624
185 2549 263 2589 sibi
275 2548 488 2587 Baehrens
544 2547 648 2587 Post
663 2550 743 2598 625
758 2548 802 2586 in
814 2548 1044 2598 antiquiore
1054 2548 1236 2587 Behottii
1247 2549 1372 2589 codice
1388 2550 1575 2598 sequitur
1591 2564 1735 2590 versus

76 2605 177 2644 satis
203 2603 408 2654 ingeniose
437 2602 628 2652 confictus
658 2602 705 2641 Si
737 2615 822 2641 non
853 2602 1056 2641 victorem
1091 2603 1143 2641 da
1173 2608 1336 2642 tantum
1370 2616 1548 2643 cernere
1576 2605 1729 2645 victum

75 2659 158 2698 626
185 2658 275 2696 dira
291 2656 403 2696 PD:
431 2657 527 2695 diva
544 2654 707 2706 BNQS
855 2657 936 2695 628
968 2656 1149 2695 Menalis
1166 2656 1210 2694 P
1373 2659 1454 2707 633
1484 2659 1647 2698 cunctis
1664 2658 1707 2698 P
1723 2673 1733 2699 ε

77 2710 198 2752 iu'stis
218 2711 298 2760 ωδ,
326 2710 447 2750 haud
469 2711 548 2749 scio
576 2723 633 2749 an
663 2715 758 2750 recte
936 2712 1018 2760 640
1045 2711 1156 2750 saltu
1186 2723 1463 2762 gressumque
1491 2711 1733 2753 Baehrens:

75 2778 225 2816 gressu
246 2764 481 2815 saltumque
499 2764 610 2805 codd.
772 2766 850 2813 641
882 2765 996 2804 ducit
1013 2764 1055 2803 P
1067 2779 1078 2804 z
1107 2765 1218 2804 lucet
1237 2765 1306 2804 ωδ
1449 2767 1530 2815 644
1560 2767 1732 2807 chorus-

78 2831 171 2874 cum
190 2819 235 2859 D
407 2821 487 2870 645
515 2819 639 2859 solito
657 2817 724 2858 P:
753 2819 878 2859 solitu
901 2819 947 2871 (··
963 2819 1018 2861 al.
1039 2818 1116 2872 m.)
1136 2819 1203 2859 N:
1236 2820 1407 2860 solitum
1426 2819 1591 2870 BDQS
