1884 3204
1029 65 1439 114 THEBAIDOS
1478 66 1691 113 LIBER
1727 65 1773 111 V

127 227 244 260 ense
277 210 440 258 furens
476 215 648 270 rapt03
695 204 911 254 venienti
948 203 1166 254 Oeneius
1203 205 1347 252 heros

78 349 82 355 ,
125 289 328 353 impiger
361 286 555 336 obiecta
588 285 843 349 proturbat
878 294 1078 348 pectora
1113 300 1295 347 parma,

123 386 181 427 ac
215 369 358 418 simul
393 367 705 415 infrendens:
756 364 912 414 ‘Siste
947 366 1093 424 hunc,
1132 380 1323 422 vesane,
1363 365 1589 423 furorem,

123 447 340 514 quisquis
376 464 427 496 es
448 449 484 495 1’
530 454 579 495 et
614 445 792 509 pariter
827 446 1089 508 Capaneus
1130 461 1341 506 acerque
1377 446 1581 493 reducto

118 527 275 579 adfuit
310 526 670 591 Hippomedon
706 533 940 588 rectoque
977 523 1325 586 Erymanthius
1362 540 1493 583 ense,
1689 531 1770 586 665

118 606 180 659 ac
210 608 436 657 iuvenem
473 608 628 655 multo
664 605 1024 669 praestringunt
1059 603 1246 652 lumine
1263 622 1276 664 3
1322 607 1372 652 at
1407 603 1524 652 inde

87 698 360 753 agrestum
395 704 484 751 pro
520 703 631 750 rege
667 703 859 735 manus.
929 702 1055 749 quos
1091 684 1218 733 inter
1252 685 1494 733 Adrastus

105 755 282 818 ‘mitius
317 777 366 817 et
402 766 565 816 sociae
601 766 781 816 veritus
817 765 1117 816 commercia
1151 764 1300 814 vittae

11 898 15 911 ,
91 849 443 912 ,Amphiaraus
478 848 546 896 ait
584 852 595 874 ‘
615 850 664 897 N
667 864 981 911 e—quaeso3
1027 845 1248 896 absistite
1284 848 1423 905 ferro,

115 943 242 976 unus
276 943 423 975 avum
459 925 668 988 sanguis,
707 942 830 974 neve
866 924 1117 987 indulgete
1152 923 1315 983 furori,
1679 931 1770 984 670

114 1016 265 1071 tuque
299 1006 460 1070 prior.'
528 1008 616 1056 sed
651 1023 753 1055 non
790 1007 962 1055 sedato
997 1013 1196 1069 pectore
1231 1005 1432 1066 Tydeus

69 1110 72 1111 ⁷
115 1086 323 1137 subicit:
373 1089 548 1135 ‘Anne
583 1089 763 1136 ducem
800 1085 1210 1148 servatricemque
1246 1084 1461 1134 cohortis

115 1167 348 1217 Inachiae
382 1166 580 1231 ingratis
616 1184 782 1216 coram
818 1176 891 1216 tot
928 1165 1125 1215 milibus
1166 1164 1296 1213 ausis

113 1256 326 1296 mactare
360 1247 411 1295 in
447 1249 663 1296 tumulos
701 1245 893 1313 (quanti
928 1263 1017 1310 pro
1053 1244 1235 1294 funeris
1272 1247 1401 1293 ultor
1419 1243 1465 1309 1),

111 1326 191 1376 cui
225 1343 429 1390 regnum
464 1326 753 1390 genitorque
789 1328 957 1376 Thoas
994 1335 1042 1374 et
1078 1324 1273 1374 lucidus
1310 1326 1490 1373 Euhan
1684 1333 1764 1387 675

103 1405 270 1470 stirpis
305 1408 461 1455 avus?
507 1405 750 1455 timidone
785 1422 972 1469 parum,
1013 1406 1150 1468 quod
1185 1404 1414 1468 gentibus
1451 1404 1572 1454 actis

111 1486 330 1551 undique
364 1486 416 1535 in
450 1503 586 1535 arma
621 1486 716 1535 tuis
753 1486 879 1535 inter
913 1485 1083 1549 rapida
1117 1484 1315 1548 agmina
1349 1502 1525 1549 pacem

110 1570 241 1617 solus
276 1568 469 1617 habes?
510 1568 807 1630 habeasque,
846 1576 895 1616 et
930 1575 979 1615 te
1014 1565 1216 1615 victoria
1252 1566 1456 1615 Graium

109 1648 325 1698 inveniat
360 1647 561 1697 tumulis
598 1648 870 1697 etiamnum
906 1649 1029 1696 haec
1065 1649 1164 1696 fata
1198 1650 1509 1710 gementem.'

176 1729 390 1790 Dixerat,
428 1738 476 1778 et
511 1731 713 1778 tandem
749 1738 1014 1778 cunctante
1049 1729 1320 1778 modestior
1354 1728 1423 1778 ira
1681 1739 1764 1779 680

107 1810 188 1861 ille
222 1811 398 1861 refert:
451 1809 729 1873 ‘Equidem
766 1827 868 1858 non
903 1827 991 1859 vos
1027 1812 1092 1859 ad
1127 1809 1325 1859 moenia
1360 1811 1560 1860 Thebes

29 1889 33 1893 ’
107 1893 261 1953 rebar,
299 1901 348 1940 at
383 1891 573 1940 hostilis
609 1893 708 1940 huc
743 1891 1002 1941 advenisse
1036 1900 1268 1941 catervas.

107 1972 291 2036 pergite
325 1971 377 2020 in
412 1971 673 2032 excidium,
713 1971 833 2021 socii
869 1971 910 2021 si
946 1981 1082 2020 tanta
1116 1974 1341 2036 voluptas

107 2052 370 2116 sanguinis,
408 2051 615 2101 imbuite
649 2069 785 2101 arma
821 2053 972 2112 dorni,
1012 2061 1160 2116 atque
1196 2054 1319 2102 haec
1354 2053 1499 2102 inrita
1534 2055 1727 2103 dudum

108 2134 291 2197 templa
327 2132 459 2181 Iovis
484 2132 631 2198 (quid
664 2132 797 2181 enim
822 2135 956 2182 haud
981 2133 1170 2182 licitum
1190 2133 1232 2198 ?)
1268 2135 1389 2182 ferat
1413 2134 1593 2199 impius
1617 2134 1755 2199 ignis,

107 2213 147 2262 si
181 2213 341 2273 vilem,
379 2213 502 2262 tanti
536 2223 813 2277 premerent
848 2231 962 2262 cum
1000 2223 1200 2277 pectora
1234 2216 1407 2275 luctus,
1677 2223 1758 2266 686

106 2290 157 2339 in
191 2293 426 2340 famulam
461 2291 536 2341 ius
572 2309 679 2341 esse
715 2301 845 2341 ratus
882 2293 1187 2357 dominoque
1223 2294 1451 2358 ducique.

106 2373 194 2421 sed
228 2371 362 2421 videt
398 2374 534 2432 haec,
572 2372 707 2422 videt
742 2372 823 2422 ille
859 2375 1010 2422 deum
1046 2384 1288 2438 regnator,
1325 2384 1373 2424 et
1407 2375 1538 2424 ausis

105 2469 210 2502 sera
244 2451 464 2515 quidem,
500 2462 666 2502 manet
702 2452 772 2502 ira
807 2457 1003 2503 tamen.'
1073 2455 1142 2503 sic
1176 2457 1319 2516 fatus,
1357 2465 1406 2505 et
1440 2473 1576 2506 arces

155 2581 236 2629 665
266 2586 466 2630 rectoque
491 2581 578 2620 ΒΚ
577 2581 663 2632 QN
675 2595 685 2621 :
714 2588 933 2633 rectorque
955 2582 1075 2623 PDS
1090 2583 1256 2636 (†recto
1279 2584 1354 2634 S):
1386 2589 1610 2637 utrumque
1628 2600 1754 2638 agno-

102 2634 176 2674 scit
192 2633 244 2673 L.
368 2637 450 2674 666
477 2637 769 2688 perstringunt
789 2636 828 2687 Q
848 2637 936 2688 (sic)
961 2652 970 2676 z
997 2638 1203 2677 obcecant
1221 2639 1341 2679 schol.
1360 2639 1399 2689 Q
1526 2642 1607 2679 668
1626 2642 1754 2681 vittae

101 2687 199 2738 39²
226 2692 264 2728 et
292 2688 404 2729 Lact.
442 2690 515 2740 qui
549 2694 768 2740 utramque
803 2691 1006 2730 lectionem
1039 2693 1249 2742 agnoseit:
1287 2693 1399 2732 vitae
1432 2689 1704 2748 PDNQ[KS
1717 2696 1751 2747 3]

101 2743 182 2792 669
209 2742 294 2794 alit
311 2742 359 2780 N
527 2745 606 2794 673
634 2757 760 2783 ausus
780 2744 829 2792 P,
852 2758 950 2785 corr.
973 2745 1219 2785 Kohlmann
1239 2761 1249 2786 ε
1278 2748 1410 2786 audes
1429 2748 1498 2787 ms
1672 2751 1752 2799 674

103 2796 230 2848 ultor]
252 2801 400 2836 auctor
419 2797 666 2837 Lachmann
794 2800 871 2848 675
901 2813 958 2838 an
978 2799 1141 2850 Lydius
1164 2799 1342 2841 Euhan?
1362 2802 1408 2851 qfi
1430 2801 1534 2843 silv.
1555 2802 1612 2843 iii.
1634 2816 1673 2852 3.
1699 2806 1748 2842 61

101 2850 182 2900 678
210 2850 364 2889 habeas
385 2857 428 2889 et
444 2852 492 2890 N
640 2854 717 2892 681
747 2865 857 2892 nunc
876 2853 1112 2894 Baehrens:
1140 2867 1234 2894 nam
1255 2854 1440 2896 Koestlin
1599 2859 1680 2897 682
1708 2863 1752 2897 et

101 2902 228 2954 codd„
249 2917 348 2946 corr.
369 2905 503 2945 Barth
667 2907 747 2957 689
774 2921 830 2947 an
850 2910 973 2949 aras?
