1884 3204
935 51 951 68 Ο
990 86 1401 136 THEBAIDOS
1439 85 1653 132 LIBER
1695 83 1794 135 111.

126 232 401 298 exagitant?
444 231 650 287 adeone,
669 227 945 277 animarum
981 227 1185 274 taedet?
1230 234 1279 273 et
1314 226 1473 286 Argos

83 308 86 316 ¹
126 314 296 365 exosi?
340 311 409 361 nil
444 313 590 360 dulce
625 307 800 358 domi?
846 306 968 355 nihil
1005 305 1173 354 omina
1209 307 1394 352 curae?

125 394 246 459 quid
281 410 360 442 me
396 390 560 440 Persei
595 397 780 438 secreta
815 389 879 436 ad
915 386 1132 435 culmina
1167 384 1350 433 montis

124 475 193 525 ire
224 475 376 538 gradu
410 471 603 534 trepido
634 485 966 533 superumque
1000 467 1280 528 inrumpere
1314 473 1485 513 coetus

125 555 324 620 egistis?
363 552 502 617 potui
537 551 715 616 pariter
749 549 938 599 nescire
973 547 1083 611 quis
1118 546 1265 595 armis
1341 576 1345 578 -
1696 547 1775 600 635

75 623 79 626 γ
125 653 278 701 casuS,
316 634 403 684 ubi
437 643 540 683 atra
574 633 693 692 dies,
733 648 860 695 quae
894 629 981 678 fati
1016 627 1215 677 exordia
1250 626 1454 683 cunctis,

107 718 251 780 ‘quae
285 714 418 763 mihi.
491 712 703 762 consulti
740 721 891 760 testor
926 707 1195 774 penetralia
1230 706 1406 755 mundi

123 805 172 846 et
205 797 459 844 volucrum
493 795 686 842 adfatus
722 802 771 841 et
806 800 869 851 te,
907 790 1238 852 Thymbraee,
1273 786 1471 835 vocanti

93 862 95 866 ⁸
123 891 224 924 non
258 873 376 922 alias
411 882 511 921 tam
548 889 691 921 saeve
727 870 861 930 mihi,
900 886 1027 933 quae
1063 867 1201 931 signa
1235 865 1385 915 futuri

123 954 435 1017 pertulerim:
482 953 583 1002 vidi
618 952 830 1016 ingentis
865 959 1097 1015 portenta
1127 948 1310 1007 ruinae,
1695 953 1778 1003 640

122 1035 222 1084 vidi
255 1034 516 1083 hominum
552 1034 822 1096 divumque
857 1041 1017 1081 metus
1049 1030 1354 1092 hilaremque
1391 1030 1676 1091 Megaeram

122 1125 170 1165 et
206 1115 450 1164 Lachesin
485 1115 614 1179 putri
648 1123 940 1164 vacuantem
977 1114 1173 1161 saecula
1207 1127 1376 1175 penso.

89 1198 91 1200 ’
121 1196 326 1260 proicite
359 1213 495 1245 arma
529 1213 712 1244 manu:
754 1198 878 1245 deus
913 1212 1030 1244 ecce
1064 1192 1338 1242 furentibus
1373 1192 1551 1249 obstat,

122 1293 238 1327 ecce
273 1278 425 1326 deus!
467 1276 643 1337 miseri,
688 1277 809 1340 quid
843 1278 1106 1340 pulchrum
1142 1272 1380 1336 sanguine
1414 1281 1576 1320 vestro

122 1356 339 1406 Aoniam
376 1365 424 1405 et
460 1356 552 1406 diri
589 1366 804 1406 saturare
839 1356 1034 1405 novalia
1071 1353 1290 1406 Cadmi?
1695 1356 1777 1409 645

123 1439 210 1487 sed
245 1436 367 1500 quid
402 1454 529 1486 vana
565 1454 704 1497 cano,
744 1437 867 1500 quid
902 1439 1023 1486 fixos
1059 1451 1204 1484 arceo
1239 1434 1419 1482 casus?

0 1516 3 1527 '
79 1540 82 1544 ·
123 1518 333 1567 ibimus.'
401 1517 482 1567 hic
516 1535 685 1582 presso
719 1517 905 1581 gemuit
941 1519 1094 1567 semel
1129 1532 1213 1564 ore
1248 1515 1492 1563 sacerdos

191 1601 281 1648 Ille
315 1598 491 1647 iterum
529 1600 791 1663 Capaneus
819 1617 830 1647 t
880 1601 1049 1647 ‘Tuus
1085 1614 1116 1646 o
1152 1598 1285 1644 furor
1318 1602 1522 1658 auguret
1558 1593 1644 1641 uni

123 1680 215 1729 ista
249 1679 352 1741 tibi,
390 1689 445 1729 ut
481 1697 644 1730 serves
679 1697 863 1729 vacuos
899 1678 1135 1743 inglorius
1170 1693 1329 1726 annos

123 1770 171 1810 et
205 1770 291 1810 tua
323 1778 425 1810 non
460 1777 699 1825 umquam
733 1763 1016 1824 Tyrrhenus
1052 1769 1275 1822 tempora
1305 1757 1491 1806 circum
1696 1762 1780 1815 650

123 1843 322 1906 clangor
356 1851 447 1891 eat.
519 1842 641 1905 quid
677 1851 792 1891 vota
824 1841 982 1890 virum
1019 1840 1222 1889 meliora
1255 1837 1494 1887 moraris?

125 1923 310 1972 scilicet
343 1932 398 1972 ut
431 1922 570 1972 vanis
603 1922 777 1971 avibus
812 1932 1030 1985 natoque
1065 1923 1319 1983 domoque

125 2013 174 2053 et
209 2003 435 2052 thalamis
470 2003 658 2067 potiare
691 2003 871 2062 iacenS,
902 2003 1133 2052 sileamus
1167 2000 1311 2049 inulti

125 2086 325 2148 Tydeos
359 2083 538 2148 egregii
571 2085 845 2146 perfossum
886 2092 1058 2147 pectus
1093 2091 1142 2131 et
1176 2098 1311 2130 arma

127 2164 338 2214 foederis
373 2163 608 2227 abrupti?
638 2156 791 2227 'quod
826 2163 867 2212 si
902 2165 1032 2213 bella
1067 2165 1213 2212 effera
1249 2160 1424 2211 Graios
1697 2168 1778 2223 655

128 2247 250 2295 ferre
284 2255 434 2305 vetas,
471 2245 488 2293 i
523 2245 754 2295 Sidonios
789 2247 976 2308 legatus
1011 2247 1076 2294 ad
1111 2243 1299 2293 hostis:

181 2376 258 2424 631
301 2388 359 2413 an
396 2374 560 2413 animae
598 2374 709 2414 iam?
933 2376 1013 2423 632
1043 2374 1146 2412 nihil
1177 2373 1324 2423 PBQ:
1372 2372 1487 2412 nulla
1523 2371 1569 2411 D
1600 2371 1782 2423 plerique

127 2441 254 2468 curae
274 2434 339 2467 est
358 2428 401 2466 P
557 2430 638 2477 634
666 2440 947 2478 superumque
966 2428 1032 2467 P:
1078 2440 1342 2478 superosque
1368 2427 1412 2475 (o
1440 2440 1511 2466 rec.
1536 2440 1592 2466 m.
1619 2426 1673 2475 Q)
1697 2431 1777 2466 cett.

125 2484 209 2532 636
236 2482 306 2521 ubi
323 2482 388 2521 P:
417 2487 460 2521 et
479 2482 548 2521 ωδ
626 2482 699 2521 fati
720 2481 763 2519 P
776 2487 814 2520 et
831 2489 1035 2534 suprascr.
1048 2483 1133 2521 BD
1150 2498 1160 2521 z
1188 2483 1321 2533 prima
1335 2481 1510 2532 BDQN
1521 2481 1589 2533 (de
1600 2481 1682 2520 KS
1696 2494 1779 2518 non

125 2537 270 2588 liquet)
393 2537 471 2585 641
502 2542 639 2575 metus
657 2535 808 2575 PALI.
831 2550 840 2576 :
868 2537 986 2576 nefas
1006 2536 1174 2587 DQNB
1195 2537 1258 2587 (in
1279 2537 1401 2575 metis
1421 2549 1522 2575 corr.
1538 2536 1612 2586 Β),
1636 2535 1683 2574 de
1700 2534 1782 2574 ΚΞ

125 2592 272 2630 iterum
293 2603 376 2628 non
395 2591 520 2640 liquet
679 2592 760 2639 642
788 2591 1055 2643 vacuantem]
1079 2589 1122 2645 ,Ι
1142 2592 1357 2630 laxantem
1378 2603 1512 2641 marg.
1533 2589 1577 2628 P
1699 2591 1779 2640 643

116 2643 274 2696 vmanu]
293 2644 374 2684 viri
392 2644 434 2682 A
574 2645 654 2694 644
682 2650 826 2684 vestro
845 2645 954 2684 DA²
972 2659 1085 2684 unus
1098 2645 1337 2696 Pragensis,
1359 2645 1443 2684 duo
1459 2644 1658 2689 Parisini,
1678 2644 1780 2683 coni.

126 2699 259 2738 Barth
277 2712 288 2738 ε
315 2699 427 2738 victo
447 2702 528 2739 cett.
544 2712 552 2738 :
581 2700 727 2738 vincto
743 2699 1015 2751 (=sraterno)
1033 2700 1238 2739 Heinsius
1317 2701 1398 2749 645
1428 2706 1470 2738 et
1485 2699 1604 2749 Tyrii
1625 2697 1781 2737 Scrive-

128 2754 216 2792 rius
364 2754 445 2802 646
475 2766 558 2794 om.
580 2754 627 2791 N
641 2753 736 2792 add.
759 2767 916 2793 summ.
942 2767 1027 2805 mg.
1049 2754 1103 2793 al.
1126 2767 1183 2792 m.
1335 2755 1417 2803 648
1447 2754 1518 2792 ille
1540 2753 1583 2792 D
1611 2752 1774 2791 Monac.

126 2809 262 2858 6396:
279 2807 382 2857 sort.
406 2807 529 2846 inde:
563 2807 676 2845 illum
695 2812 777 2846 cett,
799 2822 806 2846 :
836 2808 895 2846 illi
922 2807 1171 2848 Lachmann
1291 2820 1428 2858 augur
1455 2814 1499 2847 et
1528 2807 1638 2847 codd.
1647 2838 1658 2858 ,
1677 2820 1777 2846 corr.

127 2861 302 2901 Mueller
446 2863 527 2912 649
555 2875 692 2901 annos
719 2862 762 2900 P
778 2866 813 2900 et
825 2868 890 2912 pr.
915 2876 972 2902 m.
994 2862 1092 2902 Cod.
1115 2861 1276 2902 Cassell.
1302 2876 1311 2902 :
1340 2863 1481 2913 Argos
1500 2877 1530 2901 ω
1697 2862 1780 2911 656

127 2915 324 2956 Sidonios
345 2946 355 2956 .
378 2945 389 2956 .
415 2945 425 2956 .
446 2916 593 2956 hostes
611 2916 692 2956 PA
715 2931 724 2956 ε
765 2916 962 2957 Sidonias
983 2947 992 2957 .
1017 2946 1028 2958 .
1051 2946 1061 2957 .
1083 2918 1209 2958 urbes
1232 2932 1262 2956 ω
