1884 3204
150 0 203 26 Γ.
242 0 484 28 [Asuvi.
522 0 727 29 olnll

150 118 281 168 mitis
316 119 407 169 iter
441 122 617 184 longae
653 121 852 170 claravit
886 121 1042 171 limite
1077 122 1320 172 flammae.

150 217 249 263 qua
284 201 400 250 data
435 200 574 264 signa
609 218 789 265 sequor
805 221 818 264 ;
872 202 989 252 dein
1025 219 1175 252 curvo
1210 204 1388 252 robore
1422 205 1646 252 clausum

150 280 225 330 dis
261 281 421 345 pelagi
456 281 715 346 ventisque
751 293 800 332 et
836 285 1079 346 Cycladas
1113 283 1370 347 Aegaeoni

149 364 377 426 amplexo
412 365 715 413 commendo
750 373 954 428 patrem,
992 381 1086 414 nec
1121 364 1318 413 fletibus
1355 380 1591 428 umquam

149 444 203 492 fit
239 445 418 493 modus
453 444 670 506 alternis,
705 445 757 493 ni
791 445 891 494 iarn
926 445 1141 495 dimittat
1178 448 1288 495 Eoo
1731 466 1813 509 290

149 524 347 574 Lucifer
382 535 510 574 astra
544 528 676 589 polo.
749 536 869 576 tunc
905 529 1109 576 demum
1144 526 1286 575 litore
1321 513 1470 576 rauco
1826 531 1830 534 ’

149 608 305 654 multa
340 615 476 655 metu
512 616 745 670 reputans
782 616 831 656 et
865 606 945 656 vix
980 609 1169 657 confisa
1204 610 1371 671 Lyaeo

147 687 355 748 dividor,
394 687 500 751 ipsa
534 690 688 751 gradu
724 688 928 748 nitente,
966 690 1055 737 sed
1089 688 1234 737 anxia
1267 698 1397 738 retro

147 777 360 832 pectora,
399 785 494 817 nec
529 768 722 831 requies
759 768 880 832 quin
916 777 965 817 et
1001 768 1248 832 surgentia
1283 771 1421 818 caelo

147 849 347 898 flamina
382 858 431 898 et
467 865 495 897 e
530 849 721 897 cunctis
757 858 1069 912 prospectem
1105 849 1314 898 collibus
1350 852 1523 900 undas.
1737 871 1814 913 295
1872 911 1873 914 Ἴ

147 929 359 979 exoritur
393 929 691 993 pudibunda
726 929 846 990 dies,
886 932 1181 993 caelumque
1216 939 1439 980 retexens

145 1028 371 1060 aversum
409 1013 603 1059 Lemno
638 1010 780 1059 iubar
816 1019 864 1060 et
900 1010 1115 1060 declinia
1149 1010 1299 1060 Titan

147 1091 376 1156 opposita
410 1091 524 1155 iuga
559 1091 695 1140 nube
730 1093 890 1140 refert.
962 1100 1166 1155 patuere
1201 1093 1388 1141 furores

146 1172 389 1233 nocturni,
428 1172 653 1236 lucisque
688 1189 847 1222 novae
882 1172 1147 1222 formidine
1184 1173 1375 1222 cunctis

145 1253 471 1319 (quamquam
497 1253 624 1303 inter
647 1252 839 1320 similis)
865 1253 1057 1303 subitus
1082 1256 1244 1318 pudor
1263 1273 1277 1316 3
1312 1254 1466 1319 impia
1491 1263 1647 1305 terrae
1731 1275 1814 1317 300

146 1335 397 1386 infodiunt
433 1337 618 1384 scelera
652 1344 738 1384 aut
773 1334 962 1384 festinis
998 1334 1194 1398 ignibus
1231 1345 1392 1384 urunt.

145 1418 244 1466 iam
281 1434 457 1466 manus
496 1417 835 1466 Eumenidum
871 1426 1141 1481 captasque
1177 1418 1418 1481 refugerat
1451 1434 1587 1467 arces

146 1507 421 1548 exsaturata
455 1501 627 1548 Venus
650 1516 664 1559 3
703 1497 841 1547 licuit
876 1497 1057 1547 sentire
1092 1497 1214 1561 quid
1249 1515 1411 1558 ausae,

147 1590 195 1630 et
231 1581 427 1629 turbare
464 1596 633 1628 comas
670 1588 719 1629 et
754 1579 944 1628 lumina
979 1579 1167 1643 tingere
1202 1581 1335 1629 fletu.

142 1663 305 1711 insula
339 1662 477 1711 dives
512 1661 639 1725 agris
675 1661 954 1725 opibusque
989 1661 1237 1725 armisque
1272 1661 1498 1725 virisque,
1738 1681 1816 1724 305

145 1753 264 1794 nota
300 1743 396 1792 situ
433 1752 481 1792 et
519 1742 698 1792 Getico
734 1759 892 1806 nuper
928 1742 1084 1792 ditata
1119 1742 1385 1807 triumpho,

145 1841 248 1875 non
285 1824 432 1873 maris
469 1824 683 1884 incursu,
722 1840 825 1872 non
861 1825 1018 1884 hoste,
1057 1840 1151 1873 nec
1186 1826 1385 1873 aethere
1420 1826 1561 1874 laevo

144 1906 360 1971 perdidit
395 1922 495 1955 una
531 1905 695 1954 omnis
731 1906 904 1955 orbata
940 1922 1246 1968 excussaque
1281 1907 1440 1955 fundo

144 1988 436 2052 indigenas:
484 2004 587 2036 non
622 2004 737 2036 arva
771 1986 874 2047 viri,
914 2003 1017 2036 non
1051 2003 1269 2050 aequora
1303 1996 1512 2047 vertunt,

145 2070 428 2120 conticuere
464 2070 659 2129 domus,
699 2084 843 2117 cruor
878 2070 1005 2116 altus
1042 2078 1091 2116 et
1127 2067 1282 2117 oblita
1317 2085 1482 2117 crasso
1738 2089 1817 2130 310

145 2161 324 2201 cuncta
359 2151 539 2200 rubent
576 2151 708 2210 tabo,
749 2165 1058 2214 magnaeque
1093 2148 1145 2197 in
1182 2149 1444 2199 moenibus
1480 2149 1614 2199 urbis

145 2251 236 2283 nos
274 2242 482 2293 tantum,
521 2241 571 2281 et
607 2231 741 2281 saevi
777 2231 962 2295 spirant
997 2248 1084 2295 per
1119 2215 1337 2280 culmina
1372 2248 1558 2280 manes.

200 2376 283 2414 290
311 2363 367 2402 sit
390 2362 624 2402 Gronovius
735 2361 819 2400 nisi
841 2360 927 2412 QN
1088 2373 1164 2410 291
1198 2365 1299 2400 tunc
1319 2361 1387 2400 P:
1429 2366 1518 2400 tum
1538 2361 1816 2414 BQN[K53]

145 2431 225 2468 293
254 2418 420 2456 nitente
450 2417 527 2456 sed
555 2416 681 2474 anxia
710 2415 778 2454 P:
812 2416 953 2454 nitens
982 2415 1058 2455 sed
1089 2422 1132 2454 et
1161 2417 1287 2454 anxia
1315 2414 1448 2455 ωΑδ2
1470 2417 1569 2469 (sed
1592 2416 1719 2457 anxia
1737 2416 1815 2469 Sl)

145 2528 225 2565 294
256 2482 444 2564 quinmee'c
486 2513 525 2564 Q
728 2523 808 2562 295
848 2517 890 2550 et
927 2525 1012 2550 om.
1054 2509 1147 2550 PS¹
1355 2524 1434 2562 297
1474 2512 1699 2551 adversum
1735 2513 1822 2553 ΡΝ

146 2569 402 2608 declinantia
421 2568 465 2606 P
570 2580 653 2618 300
680 2567 845 2606 subitus
865 2565 1034 2616 Bentley
1051 2580 1060 2605 :
1091 2566 1258 2605 habitus
1278 2566 1394 2606 codd.
1500 2567 1641 2616 pudor
1661 2567 1784 2606 PDA
1806 2582 1816 2607 ε

145 2624 272 2662 rubor
290 2622 498 2673 BQKNS
631 2636 712 2672 304
742 2627 916 2670 turpare
936 2616 1145 2659 Baehrens
1282 2621 1363 2670 308
1393 2633 1657 2671 excussaque
1675 2621 1822 2672 ,ξοντ’-ῥεῖ

143 2678 228 2717 coll.
248 2677 305 2718 iii.
325 2690 405 2727 249
423 2691 433 2717 :
464 2677 694 2727 excisaque
715 2675 825 2715 codd.
853 2689 862 2715 :
891 2676 1113 2724 excitaque
1132 2673 1300 2726 Bentley
1434 2675 1563 2715 fundo
1583 2676 1749 2727 Bentley
1767 2690 1817 2716 ex

146 2732 226 2772 cod.
252 2746 261 2771 :
290 2733 447 2771 mundo
468 2730 575 2771 Poes
733 2743 811 2782 311
845 2730 1016 2769 madent
1034 2729 1082 2768 N
