1884 3204
149 13 203 60 P.
244 14 485 63 PAPINI
521 15 726 64 STATI

149 141 364 207 respicit.
433 152 585 207 atque
620 143 720 193 illic
755 143 852 194 alio
888 144 1157 195 certamine
1193 144 1311 195 belli
1491 201 1495 205 ,
1730 149 1835 211 69ο’

149 232 279 273 tecta
313 225 530 273 fremunt
568 224 797 289 (volucris
834 225 1059 289 equitum
1094 235 1421 290 praeverterat
1456 228 1558 275 alas

148 305 279 353 fama
313 303 521 370 recens),
558 305 782 369 geminos
818 306 941 356 aulis
975 309 1202 371 amplexa
1235 309 1508 356 tumultus:

148 382 218 433 illi
252 385 318 433 ad
353 386 453 434 fata
488 385 593 450 rapi
627 395 777 450 atque
812 387 882 436 illi
917 387 1016 436 iam
1053 387 1351 437 occumbere
1386 389 1487 436 leto

147 464 218 514 sic
255 465 479 515 meritam
517 466 829 531 Hypsipylen
864 467 1055 528 iterant,
1093 469 1415 531 creduntque,
1449 484 1543 517 nec
1578 467 1677 518 irae

147 547 203 595 fit
238 563 388 607 mora,
426 546 627 611 iamque
662 550 794 598 faces
830 557 880 598 et
914 551 1013 598 tela
1047 548 1310 614 penatibus
1346 548 1545 608 instant,
1730 555 1810 611 ⁶95

146 636 332 677 vertere
367 644 517 692 regna
552 630 767 678 fremunt
802 638 1097 693 raptumque
1131 631 1321 679 auferre
1357 631 1652 694 Lycurgum,

146 723 262 756 cum
301 709 422 757 Iove
458 725 674 772 cumque
708 709 803 758 aris
820 728 835 771 3
881 719 1115 759 resonant
1155 711 1424 760 ululatibus
1459 712 1609 760 aedes

143 787 370 837 femineis
406 805 674 852 versusque
710 790 854 838 dolor
890 791 975 839 dat
1010 799 1145 853 terga
1179 791 1356 840 timori.

211 868 413 932 Alipedi
448 886 592 918 curru
628 871 718 919 sed
754 869 887 919 enim
924 870 1149 920 sublimis
1185 873 1426 921 Adrastus
1629 922 1637 931 ‚

144 965 314 998 secum
350 958 466 998 ante
502 966 588 998 ora
621 949 780 999 virum
815 950 1131 1000 fremibunda
1165 953 1453 1002 Thoantida
1487 962 1689 1017 portans
1733 970 1812 1016 700

143 1029 180 1078 it
216 1029 412 1079 medius
448 1030 635 1091 turmis,
675 1040 724 1079 et
764 1031 996 1092 ‘Parcite,
1034 1032 1219 1096 parcite
1243 1035 1279 1081 1’
1326 1035 1507 1083 clamat

148 1109 243 1159 ‘nil
278 1120 446 1160 actum
483 1128 641 1172 saeve,
681 1112 884 1162 meritus
920 1130 1014 1163 nec
1049 1115 1147 1163 tale
1183 1116 1435 1178 Lycurgus

144 1191 407 1253 excidium,
446 1192 669 1257 gratique
705 1193 950 1244 inventrix
984 1195 1202 1244 fluminis
1238 1198 1385 1245 eece.'

143 1272 213 1323 sic
250 1273 337 1324 ubi
373 1274 576 1324 diversis
613 1274 766 1324 maria
801 1285 1020 1326 evertere
1055 1276 1283 1341 procellis

144 1350 483 1405 hinc'Boreas
522 1357 799 1420 Eurusque,
839 1357 974 1406 illinc
1012 1357 1149 1422 niger
1183 1357 1424 1408 imbribus
1460 1361 1656 1420 Auster,
1730 1379 1809 1423 705
1845 1379 1848 1387 ·

142 1437 285 1499 pulsa
320 1436 426 1486 dies
462 1446 768 1501 regnantque
804 1438 1007 1500 hiemes,
1045 1439 1180 1488 venit
1213 1439 1442 1503 aequoris
1477 1440 1563 1489 alti

142 1534 226 1566 rex
260 1517 486 1567 sublimis
522 1518 676 1582 equis,
713 1519 1041 1584 geminusque
1075 1522 1140 1570 ad
1176 1538 1382 1584 spumea
1417 1521 1591 1571 Triton

141 1599 281 1648 frena
316 1608 492 1648 natans
528 1602 626 1649 late
661 1602 837 1665 pelago
873 1603 959 1651 dat
994 1601 1132 1665 signa
1173 1602 1400 1662 cadendi,

143 1689 192 1729 et
227 1680 326 1729 iam
362 1682 511 1744 plana
545 1681 735 1742 Thetis,
776 1692 1072 1747 montesque
1109 1692 1158 1733 et
1191 1683 1335 1733 litora
1370 1693 1609 1734 crescunt.

210 1760 338 1824 Quis
374 1778 608 1825 superum
644 1772 784 1812 tanto
821 1766 1005 1812 solatus
1042 1766 1215 1814 funera
1249 1774 1366 1814 voto
1732 1784 1811 1829 710

139 1842 366 1907 pensavit
401 1843 626 1893 lacrimas
663 1844 969 1908 inopinaque
1004 1845 1184 1909 gaudia
1219 1855 1435 1896 maestae
1856 1846 1857 1849 ’

139 1924 325 1974 rettulit
362 1924 709 1989 Hypsipylae?
749 1935 802 1975 tu
837 1926 996 1989 gentis
1032 1927 1274 1988 conditor,
1315 1929 1508 1988 Euhan,

139 2005 225 2069 qui
259 2005 486 2070 geminos
522 2005 725 2056 iuvenes
763 2007 941 2056 Lemni
977 2010 1041 2058 de
1076 2007 1217 2058 litore
1253 2018 1422 2058 vectos

137 2085 371 2135 intuleras
409 2089 633 2136 Nemeae
669 2087 993 2152 mirandaque
1027 2090 1128 2138 fata
1162 2090 1382 2153 parabas.

139 2183 288 2216 causa
322 2167 430 2217 viae
465 2168 699 2231 genetrix,
738 2186 831 2219 nec
867 2169 1120 2234 inhospita
1154 2180 1285 2220 tecta
1321 2171 1532 2235 Lycurgi
1725 2194 1770 2236 7¹
1780 2195 1803 2238 5

136 2250 466 2311 praebuerant
499 2249 678 2310 aditus,
718 2259 766 2300 et
801 2251 1026 2314 protinus
1062 2251 1144 2302 ille
1180 2261 1387 2313 tyranno

136 2330 340 2379 nuntius
377 2331 647 2381 exstinctae
683 2331 966 2382 miserando
1001 2335 1203 2383 vulnere
1239 2334 1401 2397 prolis.

189 2461 381 2512 691-692
409 2461 778 2513 interpunctionem
801 2462 968 2502 mutavi
1126 2464 1207 2514 692
1236 2463 1341 2502 aulis
1359 2464 1534 2516 scripsi:
1564 2465 1644 2505 alis
1663 2463 1804 2507 cedat:
1846 2503 1849 2505 .

137 2514 263 2564 agilis
302 2516 525 2566 complexa
561 2514 841 2556 Lachmann:
889 2517 1165 2567 geminosque
1203 2518 1290 2557 suis
1328 2519 1399 2569 (sc.
1438 2520 1518 2558 alis
1538 2521 1567 2569 ἰ)
1608 2521 1806 2572 amplexa

135 2568 366 2608 Burmann
386 2582 407 2608 e
424 2570 509 2610 cod.
634 2573 716 2621 699
746 2570 956 2622 alipedum
978 2571 1104 2623 codd.,
1128 2585 1231 2612 corr.
1246 2572 1390 2621 sortin
1512 2586 1592 2624 703
1621 2576 1807 2615 fluminis
1860 2579 1861 2582 ’

135 2624 244 2662 haec
265 2630 331 2663 est
351 2625 518 2664 mavult
534 2623 779 2664 Phillimore
945 2627 1024 2676 708
1052 2627 1219 2666 cadenti
1239 2625 1314 2678 ωδ,
1339 2640 1438 2668 corr.
1457 2627 1592 2668 Barth
1610 2643 1620 2669 ε
1639 2631 1804 2669 canenti
1847 2650 1851 2656 =

140 2677 328 2729 (punctis
354 2685 444 2730 sup,
474 2692 501 2718 n
529 2679 667 2731 priori
689 2679 808 2731 add.)
836 2680 906 2719 P:
945 2681 1107 2730 patenti
1135 2680 1326 2733 Pmarg.
1566 2696 1646 2734 710
1674 2685 1745 2735 qui
1765 2685 1808 2724 P
1857 2711 1859 2715 «

137 2732 366 2825 ΐυηει-ειίῗε
398 2746 572 2772 munere
592 2733 726 2787 oe[S'.2]
824 2740 924 2774 voto
940 2733 1084 2774 PNK1
1102 2749 1112 2774 :
1140 2742 1240 2775 vota
1258 2734 1361 2775 BK²
1378 2750 1388 2776 z
1417 2736 1504 2777 voti
1522 2737 1561 2788 Q
1726 2751 1803 2790 715

135 2798 266 2836 regna
313 2824 316 2827 .
