1884 3204
140 87 192 132 P,
234 85 476 134 ΡΑΡΙΝΙ
513 84 721 134 STATI
759 129 761 131 .

140 224 434 288 exstinguas,
474 222 656 286 saeptis
691 231 741 271 et
776 221 990 271 turribus
1025 237 1202 270 aureus
1237 221 1402 272 intres.
1724 244 1804 285 ²55

141 305 357 354 mentitis
393 305 598 368 ignosco
633 303 781 352 toris:
817 302 951 350 illam
988 301 1187 350 odimus
1222 303 1410 364 urbem,

140 403 290 449 quarn
325 388 464 434 vultu
500 386 754 434 confessus
789 382 910 441 adis,
950 381 1037 430 ubi
1071 383 1272 432 conscia
1306 385 1472 448 magni

141 466 279 529 signa
314 465 408 514 tori
443 464 652 514 tonitrus
687 462 790 526 agis
827 471 875 510 et
911 478 1023 510 mea
1057 462 1265 512 fulmina
1299 473 1514 527 torques.

141 548 269 595 facta
304 548 443 594 luant
478 545 718 593 Thebae:
756 560 844 591 cur
878 542 1034 591 hostis
1070 543 1207 606 eligis
1241 546 1439 608 Argos?

141 627 261 690 quin
296 643 399 690 age,
439 625 480 673 si
515 633 651 673 tanta
686 633 759 673 est
794 623 1000 672 thalami
1034 623 1283 674 discordia
1317 626 1491 687 sancti,
1731 632 1811 676 260

141 717 189 756 et
226 709 411 756 Samon
447 715 495 754 et
530 714 719 754 veteres
754 703 901 752 armis
939 704 1173 754 exscinde
1216 702 1470 769 Mycenas}

141 798 273 836 verte
310 790 416 836 solo
454 789 675 849 Sparten.
749 802 836 833 cur
871 801 1082 848 usquam
1118 786 1357 850 sanguine
1392 789 1518 836 festo

141 868 363 931 coniugis
399 884 482 916 ara
517 876 644 926 tuae,
683 868 885 915 cumulo
922 883 1009 915 cur
1044 866 1163 915 turis
1200 867 1296 916 Eoi

141 952 267 998 laeta
303 951 466 998 calet?
514 947 690 996 melius
725 946 852 996 votis
891 947 1167 996 Mareotica
1200 950 1357 997 fumat

142 1032 332 1093 Coptos
368 1039 417 1078 et
450 1028 662 1078 aerisoni
696 1028 914 1092 lugentia
949 1028 1154 1077 flumina
1189 1029 1306 1078 Nili.
1631 1069 1637 1074 r
1731 1036 1811 1090 265

141 1112 278 1173 quod
314 1110 354 1158 si
388 1109 550 1174 prisca
583 1111 727 1157 luunt
761 1118 1020 1158 auctorum
1057 1108 1265 1159 crimina
1291 1119 1463 1174 gentes

141 1191 471 1254 subvenitque
509 1190 603 1239 tuis
640 1207 748 1239 sera
783 1192 909 1239 haec
946 1191 1193 1240 sententia
1229 1192 1372 1252 curis,

142 1289 430 1336 percensere
464 1271 573 1320 aevi
609 1271 832 1321 senium:
876 1288 978 1335 quo
1013 1281 1238 1335 tempore
1273 1273 1476 1321 tandem

142 1364 377 1403 terrarum
412 1353 560 1402 furias
595 1354 795 1402 abolere
830 1362 879 1402 et
914 1355 1111 1402 saecula
1145 1362 1274 1403 retro

143 1436 408 1483 emendare
444 1442 519 1482 sat
553 1435 664 1482 est?
697 1433 991 1482 iamdudum
1027 1433 1092 1482 ab
1129 1433 1331 1483 sedibus
1366 1433 1461 1482 illis
1737 1450 1815 1495 270

142 1515 318 1578 incipe,
357 1514 618 1578 fluctivaga
652 1530 751 1577 qua
786 1513 1158 1578 praeterlabitur
1191 1516 1327 1564 unda

143 1595 365 1645 Sicanios
400 1598 547 1659 longe
582 1597 802 1658 relegens
837 1597 1062 1659 Alpheos
1097 1612 1304 1645 amoreS.

143 1679 363 1726 Arcades
398 1676 480 1725 hic
515 1686 600 1726 tua
633 1675 750 1741 <nec
785 1678 947 1739 pudor
982 1675 1074 1741 est)
1111 1677 1318 1726 delubra
1353 1677 1554 1726 nefastis

144 1759 425 1822 imposuere
459 1757 595 1818 locis,
634 1757 734 1806 illic
772 1758 1047 1807 Mavortius
1083 1757 1185 1807 axis

144 1826 391 1888 Oenomai
428 1835 706 1901 Geticoque
741 1855 894 1901 pecus
931 1839 1177 1888 stabulare
1214 1839 1307 1888 sub
1345 1841 1546 1888 Haemo
1733 1856 1812 1900 275

142 1920 351 1983 dignius,
390 1918 611 1982 abruptis
646 1919 918 1968 etiamnum
955 1919 1212 1968 inhumata
1247 1936 1511 1983 procorum

141 2000 358 2064 reliquiis
394 2009 568 2048 trunca
603 2016 688 2048 ora
723 2000 894 2063 rigent.
969 2010 1138 2050 tamen
1174 2000 1256 2049 hic
1292 2000 1382 2050 tibi
1418 2001 1590 2063 templi

140 2091 304 2145 gratus
340 2082 514 2141 honos,
553 2082 717 2143 placet
754 2082 848 2129 Ida
882 2098 1070 2130 nocens
1107 2080 1414 2144 mentitaque
1451 2081 1610 2129 manis

143 2165 290 2213 Creta
325 2171 451 2211 tuos.
524 2178 604 2210 me
640 2161 893 2210 Tantaleis
929 2161 1199 2211 consistere
1235 2161 1376 2211 tectis

142 2261 270 2307 quae
305 2245 509 2293 tandem
543 2242 730 2292 invidia
765 2246 876 2293 est?
924 2243 1041 2292 belli
1082 2245 1293 2293 deflecte
1332 2244 1572 2292 tumultus
1738 2253 1817 2292 280

143 2335 191 2374 et
225 2325 417 2388 generis
454 2325 716 2374 miseresce
752 2324 836 2373 tui.
911 2334 1026 2374 sunt
1055 2324 1207 2388 impia
1248 2327 1345 2373 late

143 2423 290 2470 regna
326 2406 429 2466 tibi,
469 2406 644 2456 melius
680 2423 887 2470 generos
923 2423 1125 2470 passura
1160 2405 1416 2456 nocentis.’

210 2487 425 2538 Finierat
460 2486 692 2550 precibus
730 2487 942 2538 miscens
980 2487 1207 2538 convicia
1243 2490 1387 2537 Iun0.

197 2629 276 2666 255
307 2617 531 2666 extinguas
561 2615 811 2668 Psangall.
846 2618 958 2667 865:
990 2618 1231 2667 restinguas
1259 2616 1387 2667 BDQ
1589 2629 1667 2667 257
1697 2617 1814 2656 vultu

145 2672 186 2723 (·
206 2673 259 2710 al.
277 2671 356 2722 m.)
390 2671 456 2720 Q:
504 2671 667 2710 vultum
695 2672 908 2710 Baehrens
1046 2674 1125 2710 262
1155 2672 1270 2711 unde
1298 2672 1387 2710 solo
1425 2671 1467 2709 A
1603 2671 1741 2718 fausto
1769 2671 1811 2709 A

145 2727 225 2774 267
255 2726 361 2764 haec
381 2738 479 2764 sera
498 2726 781 2775 subvenitque
801 2727 882 2765 tuis
910 2726 992 2776 BQ
1168 2738 1246 2776 273
1276 2726 1473 2765 nefandis
1501 2725 1546 2764 D
1735 2739 1816 2775 279

142 2780 365 2818 considere
385 2780 425 2818 A
433 2778 450 2804 2
589 2780 734 2829 regnis
762 2780 832 2819 D:
861 2781 987 2819 terris
1017 2780 1056 2830 Q
1206 2780 1427 2820 considere
1449 2781 1592 2830 regnis
1612 2779 1674 2818 vel
1691 2780 1816 2819 terris

140 2832 343 2873 Heinsius
478 2860 481 2862 -
512 2836 593 2873 280
621 2834 719 2873 belli
748 2848 831 2874 om.
855 2840 894 2873 et
921 2836 964 2873 in
996 2849 1084 2886 mg.
1108 2834 1206 2876 add.
1239 2834 1284 2874 D
1302 2834 1391 2874 ead.
1412 2848 1468 2874 m.
1580 2835 1656 2872 281
1689 2835 1815 2874 mise·

144 2901 240 2928 rere
267 2887 312 2927 D
533 2890 613 2940 283
643 2889 838 2940 precibus
859 2889 1042 2930 miscens
1073 2889 1182 2941 PQ:
1213 2889 1396 2929 miscens
1416 2889 1613 2940 precibus
1640 2887 1725 2927 BD
