1884 3204
966 74 1378 124 THEBAIDOS
1415 75 1628 123 LIBER
1664 74 1740 123 VI

94 213 198 279 ipse
231 212 353 262 deus
388 208 651 274 posuitque
685 224 860 257 manus
895 217 944 258 et
979 207 1210 258 bracchia
1244 207 1383 257 finxit

94 291 342 358 (materiae
376 290 613 339 suadebat
647 287 806 353 amor)
823 306 838 349 3
871 297 990 337 tunc
1025 306 1172 352 saepe
1206 289 1386 338 locavit

61 362 64 370 ’
93 371 385 432 comminus,
420 379 468 420 et
504 369 649 418 simili
684 378 895 418 stantem
933 368 1133 418 miratus
1169 369 1219 417 in
1255 370 1325 418 ira
1665 384 1747 429 7⁴5-

92 451 283 506 sustulit
317 452 563 501 exsultans
598 451 890 513 nudumque
925 448 976 496 in
1011 459 1212 512 pectora
1246 449 1433 512 pressit.

159 534 305 582 Illum
341 530 620 593 indignatur
655 531 917 593 Capaneus
952 529 1177 593 ridetque
1211 539 1472 579 vocantem

59 676 62 678 ,
91 621 145 664 ut
179 612 425 670 miserans,
463 609 722 674 poscitque
755 609 919 668 alium,
958 611 1260 673 tandemque
1295 611 1496 659 coactus

91 692 262 744 restitit
296 701 345 742 et
380 690 587 740 stimulis
622 690 720 739 iam
755 689 989 754 languida
1024 692 1151 740 colla
1187 699 1482 739 tumescunt.

90 770 347 823 fulmineas
381 774 478 821 alte
514 771 743 836 suspensi
776 787 982 834 corpora
1017 770 1195 834 plantis
1662 786 1746 832 750

79 869 281 917 *erexere
318 868 525 913 manus;
569 861 677 900 tuto
711 853 883 915 procul
917 868 1002 900 ora
1036 868 1230 900 recessu

89 949 335 983 armorum
372 931 423 980 in
459 932 683 996 speculis,
722 931 985 995 aditusque
1019 933 1084 981 ad
1119 934 1321 981 vulnera
1355 931 1520 982 clausi.

91 1013 188 1075 hic,
223 1022 463 1077 quantum
499 1013 671 1076 Tityos
707 1013 883 1077 Stygiis
918 1022 1180 1076 consurgat
1213 1014 1279 1062 ab
1312 1013 1451 1074 arvis,

90 1093 130 1144 si
166 1103 332 1144 torvae
366 1092 613 1157 patiantur
645 1110 774 1154 aves,
812 1103 948 1143 tanta
982 1093 1203 1157 undique
1238 1094 1411 1157 pandit

91 1175 425 1226 membrorum
461 1175 617 1239 spatia
652 1185 700 1224 et
736 1175 883 1224 tantis
919 1177 1047 1225 ferus
1083 1176 1276 1225 ossibus
1312 1184 1481 1226 exstat.
1668 1189 1747 1236 755

91 1256 171 1306 hic
206 1257 354 1319 paulo
389 1265 504 1304 ante
539 1272 672 1318 puer,
711 1258 799 1305 sed
835 1255 967 1305 enim
1004 1255 1239 1304 maturius
1274 1273 1397 1304 aevo

91 1336 252 1396 robur,
291 1344 340 1384 et
375 1334 587 1398 ingentis
623 1337 836 1398 spondet
870 1345 1009 1385 tener
1042 1336 1255 1399 impetus
1289 1352 1463 1395 annos,

92 1433 240 1482 quem
275 1414 404 1465 vinci
439 1417 589 1486 haud
609 1415 870 1479 quisquam
906 1433 1053 1465 saevo
1088 1433 1251 1479 neque
1286 1415 1523 1480 sanguine
1558 1414 1680 1480 tingi
1737 1435 1739 1437 ¹

91 1497 241 1558 malit,
278 1505 328 1545 at
363 1505 526 1545 erecto
562 1495 732 1544 timeat
767 1498 1047 1559 spectacula
1081 1506 1215 1546 voto.

157 1579 226 1626 Vt
260 1592 367 1627 sese
402 1575 647 1639 permensi
682 1575 837 1625 oculis
873 1586 922 1625 et
957 1586 1163 1640 uterque
1198 1576 1411 1641 priorem
1668 1581 1749 1638 760

92 1674 342 1723 speravere
377 1658 555 1716 locum,
594 1673 696 1705 non
732 1656 953 1720 protinus
988 1657 1058 1706 ira
1093 1675 1186 1707 nec
1221 1658 1379 1707 ictus:

90 1739 303 1788 alternus
339 1738 540 1800 paulum
576 1737 722 1785 timor
756 1747 805 1786 et
839 1737 1077 1801 permixta
1110 1738 1260 1787 furori

93 1817 310 1878 consilia,
348 1817 587 1866 inclinant
622 1826 814 1866 tantum
850 1818 1092 1867 contraria
1125 1819 1257 1868 iactu

26 1905 30 1909 '
92 1898 320 1949 bracchia
355 1906 404 1946 et
438 1899 692 1961 explorant
726 1908 918 1947 caestus
954 1900 1289 1962 hebetantque
1324 1900 1543 1948 terend0.

93 1978 285 2028 doctior
319 1977 400 2026 hic
436 1977 596 2026 differt
631 1977 852 2027 animum
889 1988 1214 2043 metuensque
1249 1979 1399 2028 futuri
1670 1985 1750 2041 765

94 2067 353 2108 cunctatus
389 2057 500 2106 viris
537 2057 823 2121 dispensat:
869 2069 920 2108 at
954 2059 1035 2108 ille
1070 2060 1286 2109 nocendi

95 2138 327 2202 prodigus
361 2138 686 2202 incautusque
722 2139 797 2187 sui
831 2139 924 2189 ruit
962 2141 1123 2190 omnis
1159 2151 1207 2190 et
1242 2142 1413 2190 ambas

94 2218 341 2270 consumit
377 2218 482 2268 sine
516 2221 624 2282 lege
660 2237 834 2269 manus
869 2230 1019 2284 atque
1054 2222 1197 2271 inrita
1232 2222 1412 2271 frendit

94 2300 347 2363 insurgens
383 2316 536 2362 seque
570 2300 676 2363 ipse
711 2302 901 2364 premit.
974 2303 1063 2351 sed
1103 2303 1337 2366 providus
1371 2312 1481 2352 astu

94 2387 142 2428 et
176 2379 330 2443 patria
364 2379 478 2443 vigil
513 2390 616 2429 arte
651 2383 820 2430 Lacon
858 2383 948 2431 hos
984 2382 1120 2431 reicit
1155 2383 1295 2443 ictus,
1674 2401 1752 2445 770

0 2454 1 2458 ¹
75 2461 184 2525 rhos
219 2469 392 2521 cavet3
438 2460 686 2510 interdum
722 2471 845 2511 nutu
881 2462 1153 2527 capitisque
1189 2463 1325 2513 citati

148 2601 225 2638 744
254 2589 454 2627 materiae
472 2588 662 2638 PBKQ:
691 2591 910 2630 materiam
939 2591 1076 2630 ADN
1200 2595 1279 2643 746
1307 2594 1350 2632 in
1371 2593 1477 2643 PQ:
1504 2595 1556 2634 ad
1576 2592 1746 2633 BKNA

95 2653 168 2692 751
199 2655 403 2681 exercere
435 2643 487 2691 P,
519 2644 628 2682 unde
657 2657 886 2684 exseruere
915 2646 1090 2684 Mueller
1229 2659 1306 2697 753
1335 2654 1537 2698 quantum
1572 2649 1726 2699 PBQS
1740 2665 1750 2689 :

91 2702 271 2746 quantus
289 2696 335 2734 N
349 2702 387 2735 et
397 2709 447 2735 ex
465 2704 669 2746 quantum
690 2712 788 2738 corr.
812 2700 857 2738 K
982 2701 1111 2750 tityos
1130 2702 1266 2751 stigiis
1285 2702 1352 2741 P:
1381 2703 1520 2752 stigiis
1539 2703 1670 2751 tityos
1686 2703 1754 2742 ωδ

94 2753 172 2800 758
199 2750 330 2801 haud]
351 2757 420 2789 aut
439 2750 533 2788 ΡΒι
662 2753 818 2804 neque]
842 2766 921 2792 nec
944 2753 982 2803 Q
1001 2755 1092 2794 dell.
1292 2769 1370 2806 759
1397 2763 1441 2794 at
1461 2756 1644 2795 Koestlin
1666 2771 1675 2796 :
1706 2766 1749 2797 et

92 2804 202 2844 codd.
371 2806 450 2854 763
478 2811 611 2844 tractu
634 2806 672 2855 Q
837 2810 914 2857 764
942 2807 1118 2847 ferendo
1141 2810 1179 2858 Q
1362 2812 1441 2859 766
1468 2816 1693 2850 cunctatur
1712 2811 1754 2850 P

97 2859 173 2907 768
201 2858 342 2898 fremit
361 2857 408 2897 N
567 2871 645 2911 770
674 2860 793 2901 reicit
812 2861 895 2901 PD
912 2876 922 2903 ς
950 2863 1049 2903 eicit
1068 2863 1195 2916 KNQ
1215 2878 1224 2903 :
1251 2863 1378 2903 eiecit
1396 2863 1437 2903 B

1565 2919 1641 2958 11*
