1884 3204
175 106 228 154 P.
268 105 509 155 PAPINI
546 106 751 159 STATI

173 244 331 308 prima
365 244 500 295 videt
534 262 798 309 caramque
833 254 1048 295 tremens
1084 247 1281 295 Iocasta
1314 246 1525 296 vocabat

176 327 441 376 Ismenen:
491 343 708 389 namque
743 328 841 375 hoc
875 329 1036 376 solum
1073 326 1372 377 moribunda
1405 336 1633 391 precatur

173 423 267 455 vox
302 407 481 471 generi,
520 409 681 456 solum
717 408 814 457 hoc
848 407 1022 471 gelidis
1057 407 1156 456 iam
1192 424 1378 457 nomen
1412 396 1592 457 inerrat

173 488 413 537 faucibus.
486 490 762 537 exclamant
797 490 1024 549 famulae,
1062 489 1268 537 tollebat
1302 487 1354 536 in
1390 505 1476 537 ora
1819 551 1821 554 Α

173 568 308 632 virgo
345 586 554 630 manus,
600 568 758 618 tenuit
794 586 967 618 saevus
1003 571 1177 633 pudor,
1215 578 1435 618 attamen
1470 569 1540 618 ire
1757 577 1784 620 6
1818 562 1825 617 s

173 649 376 714 cogitur,
416 649 660 715 (indulget
696 668 947 715 summum
982 652 1080 700 hoc
1118 650 1351 715 Iocasta,)
1389 650 1569 699 iacenti

173 748 228 780 os
265 731 525 795 tenditque
560 733 814 795 offertque.
887 741 1061 795 quater
1094 731 1193 781 iam
1229 741 1387 781 morte
1424 732 1517 781 sub
1552 730 1659 795 ipsa

172 814 237 861 ad
272 829 457 862 nomen
493 812 626 861 visus
660 814 954 875 defectaque
988 812 1175 862 fortiter
1209 829 1294 861 ora

173 893 368 942 sustulit
384 912 398 954 3
444 893 579 941 illam
615 910 766 942 unam
802 895 1029 957 neglecto
1064 893 1252 942 lumine
1287 893 1410 943 caeli
1823 958 1825 962 ι

172 973 346 1037 aspicit
383 983 431 1023 et
466 975 603 1022 vultu
639 991 743 1023 non
779 973 1041 1023 exsatiatur
1075 983 1255 1023 amato.
1757 983 1784 1024 6
1809 1014 1811 1017 .

173 1065 291 1103 tunc
328 1054 444 1119 quia
478 1071 572 1104 nec
607 1054 826 1119 genetrix
860 1054 994 1104 iuxta
1030 1053 1342 1120 (positusque
1378 1055 1525 1104 beata

173 1144 331 1184 morte
366 1134 526 1202 pater)
561 1152 773 1199 sponsae
808 1153 990 1185 munus
1026 1135 1304 1185 miserabile
1339 1137 1539 1185 tradunt

171 1213 419 1263 declinare
454 1231 638 1278 genas3
684 1213 754 1263 ibi
789 1215 994 1263 demum
1030 1222 1154 1263 teste
1189 1222 1381 1263 remoto

172 1296 300 1343 fassa
335 1295 444 1359 pios
480 1295 691 1359 gemitus
727 1294 1054 1358 lacrimasque
1090 1294 1142 1343 in
1177 1294 1367 1343 lumina
1401 1294 1541 1344 fudit.
1826 1346 1831 1351 .

182 1375 185 1377 ’
241 1379 478 1440 Dumque
514 1393 572 1426 ea
606 1394 694 1440 per
728 1377 944 1437 Thebas,
982 1376 1089 1426 aliis
1125 1375 1436 1440 serpentibus
1471 1377 1650 1426 ardens
1755 1382 1827 1444 65Ἰ

173 1466 220 1506 et
255 1459 363 1506 face
399 1467 589 1507 mutata
623 1458 810 1507 bellum
848 1458 1124 1522 integrabat
1161 1460 1318 1520 Enyo.

171 1555 307 1587 arma
342 1541 528 1599 volunt,
568 1535 753 1603 primos
789 1538 941 1588 veluti
976 1540 1130 1588 modo
1166 1537 1447 1587 comminus
1482 1537 1610 1587 ictus

171 1620 455 1668 sustulerint
491 1619 754 1683 omnisque
790 1620 1063 1669 etiamnum
1099 1621 1262 1668 luceat
1297 1619 1443 1668 ensis.

171 1700 358 1750 eminet
394 1701 629 1762 Oenides,
668 1701 893 1765 quamvis
930 1711 978 1750 et
1013 1702 1291 1750 harundine
1326 1710 1459 1749 certa

172 1784 575 1845 Parthenopaeus
611 1792 735 1846 agat,
775 1782 1174 1846 morientumque
1209 1799 1295 1831 ora
1329 1781 1510 1831 furenti
1758 1789 1830 1830 6·-

173 1862 537 1926 Hippomedon
574 1864 828 1925 proculcet
864 1878 1010 1925 equo,
1051 1863 1386 1926 Capaneaque
1421 1861 1568 1926 pinus

171 1943 268 1992 iam
305 1945 478 2007 procul
513 1942 690 1992 Aoniis
725 1945 857 1992 volet
891 1944 1208 2007 agnoscenda
1244 1942 1449 1992 catervis
1466 1961 1481 2004 3

169 2026 372 2088 Tydeos
407 2024 490 2073 illa
525 2023 644 2084 dies,
683 2024 821 2073 illum
858 2023 1151 2088 fugiuntque
1186 2032 1503 2087 tremuntque

170 2107 498 2155 clamantem:
546 2107 691 2167 ‘Quo
727 2115 861 2169 terga
897 2104 1065 2154 datis?
1111 2104 1226 2154 licet
1261 2121 1378 2154 ecce
1413 2114 1696 2169 peremptos

170 2187 341 2237 ulcisci
378 2187 540 2236 socios
577 2196 919 2250 maestamque
956 2188 1229 2251 rependere
1265 2195 1480 2236 noctem.
1756 2195 1810 2237 66
1828 2190 1831 2191 ⁷
1875 2253 1877 2256 Α

168 2269 250 2318 ille
286 2285 378 2332 ego
414 2267 672 2331 inexpletis
709 2270 842 2317 solus
879 2267 964 2332 qui
1000 2267 1236 2317 caedibus
1271 2267 1414 2316 hausi

169 2350 529 2415 quinquaginta
563 2350 782 2399 animas:
831 2350 1055 2410 totidem,
1094 2349 1304 2399 totidem
1339 2348 1452 2399 heia
1486 2349 1721 2413 gregatim

220 2481 298 2528 641
333 2480 576 2528 claramque
595 2478 639 2516 P
729 2479 919 2528 642-643
949 2483 1105 2530 transp.
1128 2477 1171 2516 P
1263 2479 1341 2527 647
1361 2491 1410 2517 os
1429 2478 1652 2528 tenditque
1669 2478 1816 2529 scripsi

169 2533 442 2583 ostenditque
463 2533 572 2571 codd.
767 2534 849 2582 648
879 2533 1128 2582 defectaque
1147 2532 1376 2571 Heinsius:
1416 2532 1665 2582 deiectaque
1692 2531 1812 2572 PNS
1828 2535 1829 2538 ’

168 2587 419 2638 delectaque
450 2586 533 2637 BQ
565 2587 597 2638 (i
616 2593 816 2638 suprascr.
842 2586 945 2641 Ql):
975 2587 1210 2637 dilectaque
1230 2587 1289 2637 A,
1310 2587 1358 2637 cf.
1389 2587 1462 2626 xii.
1487 2597 1568 2637 325
1757 2588 1829 2636 64

168 2643 236 2681 illa
255 2642 297 2680 P
449 2644 529 2690 652
559 2641 749 2680 mirabile
768 2640 812 2679 P
961 2643 1041 2691 654
1071 2654 1198 2691 passa
1216 2641 1260 2679 P
1423 2642 1603 2681 vulnera
1620 2640 1706 2681 edd.
1728 2643 1833 2681 vett.

154 2698 322 2746 frustra
341 2697 382 2735 si
396 2697 605 2747 intellegas
626 2696 753 2747 inque
767 2695 962 2735 lacrimas
978 2696 1137 2734 lumina
1158 2696 1263 2735 fudit
1318 2695 1455 2734 fundit
1473 2695 1516 2734 B
1581 2726 1584 2730 .
1758 2696 1786 2734 6
1822 2716 1829 2726 ·

167 2751 344 2790 iterabat
374 2750 418 2789 P
523 2752 605 2800 658
635 2751 778 2801 lugeat
796 2750 840 2788 P
945 2752 1027 2789 660
1056 2749 1295 2789 surentisP
1386 2751 1463 2789 661
1495 2749 1787 2800 proculculcet
1859 2771 1871 2803 *5

168 2807 248 2854 663
279 2806 521 2854 feriuntque
542 2811 824 2855 premuntque
844 2804 887 2843 P
994 2807 1076 2844 666
1104 2805 1195 2844 ausi
1216 2804 1259 2842 P
1364 2806 1443 2854 667
1466 2804 1643 2844 totidem
1663 2803 1794 2844 totide
1821 2815 1838 2837 0*

164 2860 266 2951 llrfia
278 2859 524 2897 Kohlmann
545 2874 553 2899 ε
584 2860 760 2899 totidem
781 2859 878 2898 heia
893 2858 958 2898 P:
987 2860 1164 2899 totidem
1184 2859 1444 2909 totidemque
1464 2858 1533 2899 ωδ
1629 2871 1763 2910 grega
1784 2858 1793 2867 '
1808 2855 1831 2888 ·'

231 2928 240 2953 :
272 2913 439 2964 gregati
460 2913 530 2952 ωδ
