1884 3204
1006 133 1416 183 THEBAIDOS
1454 135 1669 183 LIBER
1705 135 1751 183 X

98 289 162 323 ne
195 270 306 331 vati,
343 288 407 320 ne
441 263 600 330 crede,
638 274 786 334 puer!
835 270 1063 334 superine
1098 272 1359 334 profanum

51 346 74 359 ‘'
97 352 358 416 dignantur
392 349 639 399 stimulare
674 367 856 411 senem,
896 350 976 399 cui
1011 353 1174 400 vultus
1209 351 1368 400 inanis

50 451 51 454 ¹
95 431 392 494 extinctique
427 430 570 479 orbes
606 439 654 479 et
690 447 851 493 poena
885 430 1132 479 simillima
1167 431 1275 480 diro

27 532 46 575 j
97 511 432 576 Oedipodae?
468 510 589 573 quid
625 510 665 559 si
701 510 891 560 insidiis
927 520 976 560 et
1011 513 1183 560 fraude
1219 513 1392 560 dolosa

93 607 175 642 rex
207 590 318 655 agit,
357 598 572 640 extrema
607 599 680 639 est
715 590 796 639 cui
831 600 997 640 nostra
1032 590 1083 639 in
1121 600 1250 640 sorte
1285 590 1447 640 timori
1671 607 1750 654 700

38 680 67 745 3
43 661 320 723 *nobilitas
355 680 537 734 tuaque
571 679 686 719 ante
721 672 872 720 duces
908 670 1166 720 notissima
1200 670 1387 720 virtus?

40 781 59 826 2‘.
90 750 216 802 illius
251 752 374 800 haec
408 753 585 812 forsan,
622 768 785 800 remur
819 769 946 816 quae
980 753 1130 801 verba
1165 753 1401 812 deorum3

39 831 170 882 ille
205 834 402 881 monet!
449 847 512 880 ne
547 833 683 882 frena
716 831 884 881 animo
920 832 1147 896 permitte
1183 832 1375 892 calenti,

47 972 50 973 ⁷
83 900 154 963 ‘da
187 911 399 975 spatium
434 921 734 976 tenuemque
770 930 972 974 moram,
1011 915 1139 962 male
1175 922 1354 962 cuncta
1389 911 1629 962 ministrat

86 991 298 1056 impetus
315 1010 330 1053 ,·
374 993 488 1053 hoe,
524 1009 627 1054 oro,
667 1010 846 1042 munus
883 996 1106 1043 concede
1141 992 1347 1057 parenti.
1667 1012 1743 1056 705

31 1088 64 1138 :j
86 1072 156 1121 sic
191 1081 275 1121 tua
311 1072 510 1121 maturis
546 1072 798 1137 signentur
833 1083 1057 1138 tempora
1091 1073 1244 1134 canis,

33 1160 41 1199 .’
86 1161 135 1205 et
170 1151 234 1201 sis
269 1151 374 1216 ipse
407 1169 584 1215 parens
620 1163 670 1203 et
703 1157 768 1204 ad
804 1157 951 1215 hunc,
989 1154 1227 1214 animose,
1266 1154 1494 1203 timorem

54 1231 55 1234 ’
85 1233 367 1300 pervenias:
414 1251 478 1282 ne
512 1251 660 1298 perge
694 1252 833 1284 meos
870 1236 1042 1285 orbare
1064 1236 1282 1299 penatis

85 1313 269 1365 externi
304 1322 352 1362 te
387 1331 568 1377 nempe
603 1324 764 1378 patres
799 1315 1059 1379 alienaque
1095 1325 1302 1379 tangunt

84 1394 322 1459 pignora?
369 1393 409 1442 si
444 1395 605 1457 pudor
640 1404 727 1455 est,
765 1395 979 1458 primum
1017 1396 1245 1445 miserere
1281 1376 1744 1458 tuorumi71o

30 1467 45 1476 ”
84 1474 206 1523 haec
240 1473 409 1537 pietaS,
448 1474 528 1523 hic
563 1492 705 1524 verus
740 1477 932 1537 honos;
978 1476 1047 1525 ibi
1081 1476 1234 1540 gloria
1269 1484 1462 1525 tantum

80 1562 442 1618 ventosumque
476 1556 628 1604 decus
664 1555 891 1620 titulique
925 1556 978 1604 in
1012 1566 1170 1605 morte
1204 1558 1425 1605 latentes,

82 1649 174 1691 nec
209 1634 410 1684 timidus
445 1644 494 1684 te
529 1637 675 1685 flecto
710 1653 915 1699 parens:
963 1636 991 1697 i,
1030 1637 1216 1700 proelia
1251 1636 1417 1697 misce,

82 1714 99 1765 i
135 1716 332 1764 Danaas
367 1715 495 1765 acies
531 1716 822 1780 mediosque
857 1734 944 1781 per
979 1717 1154 1766 obvius
1191 1716 1351 1778 ensis;

27 1787 35 1796 “
82 1811 183 1845 non
218 1804 394 1845 teneo:
442 1796 587 1846 liceat
622 1797 800 1847 misero
835 1798 1150 1847 tremibunda
1183 1800 1343 1847 lavare
1663 1814 1738 1860 715

23 1890 28 1895 ·
83 1877 281 1926 vulnera
315 1886 364 1926 et
398 1879 670 1927 undantem
705 1877 915 1927 lacrimis
951 1878 1133 1928 siccare
1168 1895 1404 1938 cruorem,

34 1983 36 1986 ·
79 1965 229 2021 teque
264 1956 440 2007 iterum
476 1957 631 2007 saevis
666 1957 944 2022 iterumque
978 1958 1225 2008 remittere
1262 1958 1416 2008 bellis.

81 2038 177 2086 hoc
213 2039 402 2086 malunt
437 2038 674 2087 Thebae.'
744 2038 813 2088 sic
848 2041 975 2088 colla
1010 2056 1285 2102 manusque
1321 2038 1522 2088 tenebat

82 2116 378 2182 implicitus3
424 2120 512 2167 sed
547 2135 640 2167 nec
675 2118 903 2168 laerimae
938 2137 1031 2168 nec
1065 2121 1214 2179 verba
1249 2120 1516 2168 movebant

81 2196 156 2247 dis
192 2207 362 2247 votum
398 2197 626 2247 iuvenem
643 2217 658 2260 3
705 2199 825 2262 quin
862 2209 910 2257 et
945 2200 1331 2249 monstrantibus
1367 2200 1461 2249 illis
1658 2218 1736 2264 720

29 2313 33 2316 -
80 2279 251 2327 fraude
285 2287 474 2341 patrem
509 2278 656 2328 tacita
691 2279 823 2328 subit
857 2280 1128 2344 avertitque
1162 2280 1421 2330 timorem:

86 2358 314 2408 ‘Falleris
350 2360 447 2407 heu
482 2376 722 2423 verosque
757 2352 931 2421 metus,
970 2371 1107 2424 pater
1142 2361 1342 2425 optime,
1381 2360 1555 2410 nescis.

0 2443 3 2510 ξ
70 2453 182 2488 non
217 2455 299 2488 me
334 2438 420 2487 ulli
454 2439 684 2500 monitus,
724 2457 816 2489 nec
851 2450 1018 2490 vatum
1054 2458 1224 2492 exorsa
1258 2444 1507 2491 furentum

0 2615 2 2619 y
33 2596 36 2600 ι
134 2580 214 2616 700
241 2568 329 2618 agit
352 2568 576 2618 (suprascr
597 2568 673 2620 ait)
693 2566 739 2607 D
873 2569 940 2609 cui
961 2575 1106 2609 nostra
1126 2576 1318 2610 extrema
1338 2570 1381 2608 in
1402 2569 1446 2608 P
1654 2584 1733 2621 702

0 2643 2 2648 ·
72 2619 330 2672 Intevpunxit
346 2621 514 2670 Bentley
614 2623 693 2661 hoc
713 2621 752 2671 Q
843 2625 986 2663 renuit
1006 2637 1174 2674 quoque
1194 2625 1323 2663 verba
1343 2625 1383 2663 A
1499 2638 1578 2676 703
1609 2626 1730 2666 frena

0 2690 2 2700 ²
78 2686 173 2721 meo
193 2675 232 2724 Q
395 2689 475 2726 709
504 2677 677 2729 nempe]
710 2685 794 2718 mte
816 2677 855 2727 Q
1019 2691 1094 2727 711
1128 2692 1253 2718 verus
1282 2692 1365 2718 om.
1397 2678 1468 2718 K:
1509 2687 1638 2718 verus
1657 2680 1731 2719 tibi

0 2734 2 2772 ξ
71 2729 215 2769 honos
231 2729 334 2769 PS:
362 2730 430 2769 hic
451 2730 498 2783 (n
517 2733 740 2785 suprascr.)
763 2733 809 2772 D
898 2743 976 2782 712
1005 2737 1141 2772 morte
1161 2745 1210 2771 ex
1227 2739 1372 2774 monte
1392 2746 1494 2772 corr.
1514 2732 1558 2771 P
1653 2745 1731 2783 713

74 2791 109 2865 xci
126 2823 252 2863 flecto
273 2824 312 2874 Q
476 2823 511 2877 i]
531 2837 614 2867 om.
638 2825 706 2865 P:
740 2831 783 2866 et
802 2825 842 2877 Q
1007 2839 1086 2877 714
1106 2827 1138 2880 i]
1170 2827 1212 2867 in
1231 2827 1272 2879 Q
1426 2828 1671 2880 mediusque
1691 2829 1738 2868 N

79 2883 158 2929 715
185 2877 326 2919 labare
345 2877 388 2918 P
