1884 3204
1007 85 1419 134 THEBAIDOS
1457 86 1671 133 LIBER
1708 86 1812 134 XII

162 230 304 278 busta
338 227 494 276 iacere
528 241 670 284 reor,·
717 239 861 286 grave
896 222 1175 271 cornminus
1210 232 1400 272 aestuat
1434 226 1517 271 aer

161 308 402 366 sordidus,
439 315 488 355 et
525 321 731 368 magnae
766 306 974 353 redeunt
1010 320 1096 366 per
1132 303 1280 352 inane
1315 306 1553 353 volucres.

159 391 281 438 haec
315 387 397 436 illa
431 395 504 435 est
538 384 749 434 crudelis
784 385 979 444 humus,
1018 401 1111 432 nec
1148 384 1345 433 moenia
1380 387 1543 448 longe.
1740 405 1817 445 250

158 467 315 517 cernis
351 475 404 515 ut
438 464 648 529 ingentis
682 480 934 513 murorum
970 463 1182 527 porrigat
1217 465 1416 515 umbras

158 564 360 611 campus
395 556 444 596 et
479 563 506 595 e
541 544 752 610 speculis
788 543 1003 594 moriens
1038 544 1316 593 intermicet
1351 545 1513 608 ignis?

76 675 79 677 ,
159 629 354 677 moenia
388 636 501 676 sunt
537 626 669 675 iuxta
695 644 707 686 ;
756 627 909 675 modo
945 642 1044 674 nox
1080 625 1235 689 magis
1271 625 1377 689 ipsa
1412 626 1625 685 tacebat,

157 710 359 772 solaque
393 707 626 771 nigrantis
661 707 891 755 laxabant
925 716 1053 755 astra
1087 706 1346 755 tenebras.’

157 788 341 838 horruit
374 787 540 851 Argia,
575 789 896 851 dextramque
931 788 996 836 ad
1032 786 1230 836 moenia
1264 788 1506 836 tendens:
1740 808 1815 849 255

159 870 314 918 ‘Vrbs
350 878 517 932 optata
551 867 698 932 priuS,
737 885 870 917 nunc
904 877 1035 917 tecta
1069 867 1266 917 hostilia
1300 868 1524 929 Thebae,

157 959 205 1000 et
240 959 419 1010 tamen,
458 949 666 998 inlaesas
703 949 743 998 si
778 949 945 999 reddis
981 948 1204 1012 coniugis
1241 949 1455 1009 umbraS,

156 1030 225 1079 sic
260 1047 460 1093 quoque
495 1031 642 1079 dulce
676 1032 854 1090 solum,
890 1029 1048 1079 cernis
1086 1047 1186 1093 quo
1223 1029 1444 1093 praedita
1478 1032 1628 1089 cultu,

156 1129 253 1176 qua
287 1112 464 1175 stipata
500 1129 663 1172 manu,
701 1112 834 1161 iuxta
869 1121 953 1160 tua
987 1111 1158 1160 limina
1193 1111 1406 1174 primum
1473 1151 1476 1155 ,

157 1192 430 1256 Oedipodis
467 1192 632 1255 magni
667 1192 813 1242 venio
849 1195 1037 1241 nurus?
1083 1192 1309 1255 improba
1343 1210 1446 1241 non
1482 1202 1596 1241 sunt
1736 1200 1818 1241 260

154 1283 296 1322 vota:
343 1290 487 1336 rogos
523 1275 703 1336 hospes
739 1275 1094 1336 planctumque
1130 1282 1180 1322 et
1214 1275 1386 1321 funera
1421 1289 1588 1336 posco.

154 1354 310 1415 illum,
346 1371 446 1413 oro,
485 1364 727 1403 extorrem
763 1353 923 1417 regnis
960 1354 1193 1416 belloque
1227 1355 1464 1416 fugatum,

154 1436 305 1495 illum,
344 1452 493 1498 quem
529 1434 654 1484 solio
690 1452 792 1484 non
828 1452 879 1484 es
916 1434 1116 1497 dignata
1149 1444 1372 1498 paterno,

155 1518 306 1566 redde
342 1515 495 1564 mihil
542 1525 710 1578 tuque,
749 1532 853 1576 oro,
888 1515 1014 1574 veni,
1055 1515 1096 1563 si
1132 1515 1362 1563 manibus
1398 1517 1497 1563 ulla

155 1597 336 1660 effigies
371 1606 629 1660 errantque
664 1596 859 1646 animae
895 1605 1008 1660 post
1043 1596 1266 1645 membra
1300 1598 1493 1646 soluta:
1738 1603 1814 1656 265

154 1687 208 1726 tu
244 1677 365 1725 mihi
399 1678 564 1740 pande
598 1677 714 1737 vias,
744 1666 935 1740 'tuaque
971 1676 1076 1740 ipse
1111 1678 1176 1726 ad
1211 1679 1382 1725 funera
1417 1679 1596 1736 deduc,

154 1760 195 1807 si
232 1758 385 1807 merui
409 1760 446 1807 1'
482 1758 615 1818 dixit,
655 1767 941 1822 tectumque
975 1760 1205 1822 adgressa
1240 1758 1548 1822 propinquae

155 1841 396 1903 pastorale
431 1856 573 1888 casae
608 1839 763 1888 reficit
799 1839 1066 1902 spiramina
1101 1839 1216 1889 fessi

154 1920 279 1984 ignis
315 1930 364 1969 et
398 1922 671 1969 horrendos
706 1920 942 1983 inrumpit
977 1920 1176 1969 turbida
1211 1937 1445 1983 campos:

154 2002 312 2066 qualis
346 2002 411 2050 ab
446 2001 681 2050 Aetnaeis
716 2018 926 2050 accensa
957 2003 1186 2065 lampade
1223 2001 1349 2050 saxis
1738 2020 1817 2064 270

155 2085 276 2133 orba
312 2085 462 2134 Ceres
499 2099 705 2146 magnae
740 2082 958 2132 variabat
993 2082 1206 2146 imagine
1242 2085 1473 2132 flammae

155 2163 433 2214 Ausonium
472 2163 793 2227 Siculumque
829 2166 968 2224 latus,
1008 2164 1210 2227 vestigia
1246 2163 1368 2227 nigri

154 2246 360 2310 raptoris
395 2255 658 2308 vastosque
693 2248 860 2309 legens
896 2246 946 2295 in
981 2248 1182 2310 pulvere
1218 2248 1380 2295 sulcos
1397 2265 1410 2306 3

154 2327 283 2375 illius
318 2326 503 2375 insanis
539 2326 806 2375 ululatibus
842 2327 946 2390 ipse
981 2327 1189 2391 remugit

158 2410 439 2457 Enceladus
475 2417 720 2471 ruptoque
753 2407 855 2456 vias
891 2408 1150 2457 inluminat
1185 2407 1315 2472 igni:
1737 2430 1815 2472 275

156 2490 507 2552 Persephonen
541 2506 712 2537 amnes
748 2489 897 2538 silvae
931 2491 1053 2539 freta
1088 2489 1257 2538 nubila
1292 2491 1526 2549 clamant,

157 2571 508 2634 Persephonen
545 2579 733 2618 tantum
772 2570 923 2634 Stygii
958 2580 1087 2620 tacet
1121 2573 1234 2619 aula
1268 2570 1441 2619 mariti.

212 2710 288 2747 251
321 2698 547 2737 immensas
567 2711 650 2737 om.
673 2703 710 2737 et
726 2705 817 2749 sup.
837 2698 909 2738 lin.
927 2712 1002 2739 scr.
1023 2699 1061 2749 Q
1171 2711 1250 2748 252
1280 2713 1303 2738 e
1323 2712 1406 2738 om.
1428 2699 1470 2737 P
1578 2700 1817 2741 intermicat

157 2751 262 2790 ΡΝ2
451 2753 533 2802 258
562 2753 728 2802 prodita
758 2753 799 2791 P
986 2766 1067 2803 259
1096 2753 1241 2793 limina
1271 2753 1381 2792 PD:
1412 2754 1578 2793 moenia
1612 2756 1819 2806 BKQNS

159 2809 237 2845 262
266 2806 407 2856 regnis
426 2806 467 2844 P
485 2821 493 2846 :
523 2808 643 2856 regni
664 2807 733 2846 ωδ
845 2809 924 2857 265
954 2808 1090 2847 soluta
1110 2807 1320 2847 Baehrens
1339 2822 1347 2846 :
1377 2810 1541 2847 solutae
1560 2809 1670 2848 PmS
1710 2811 1816 2861 sort.

158 2873 292 2910 prope
312 2861 497 2900 membra
516 2862 679 2900 solutae
699 2861 785 2901 coll.
810 2863 888 2911 285
1039 2864 1119 2902 266
1174 2862 1266 2912 ipse
1286 2878 1316 2901 ω
1337 2877 1347 2902 :
1380 2863 1472 2913 ipsa
1487 2862 1573 2902 PK
1578 2864 1593 2886 ²
1736 2867 1817 2914 269

159 2914 378 2954 horrentes
401 2915 439 2965 Q
512 2915 660 2966 irrupit
681 2915 727 2954 N
921 2929 1002 2966 270
1031 2917 1217 2956 ethereis
1241 2917 1279 2967 Q
1484 2930 1559 2967 271
1594 2915 1819 2958 ssammaP

159 2980 237 3019 277
268 2982 351 3009 om.
372 2969 414 3008 P
