1884 3204
121 27 174 72 P.
214 26 457 75 PAPINI
493 27 700 80 STATI

119 165 318 225 clamor,
361 167 574 228 ‘aquae-1
591 166 602 188 '
649 164 719 214 sic
754 163 1009 214 Ambracii
1043 181 1131 229 per
1165 163 1307 214 litora
1341 164 1484 232 ponti

119 244 347 294 nauticus
383 244 435 293 in
470 245 617 295 remis
653 244 889 295 iuvenum
925 254 1232 295 monstrante
1267 244 1501 308 magistro

120 327 174 374 fit
209 343 361 375 sonus
396 325 549 389 inque
583 326 744 376 vicem
780 335 953 376 contra
987 343 1220 390 percussa
1254 328 1490 376 reclamat

120 417 258 468 terra,
297 410 535 457 salutatus
571 425 686 457 cum
723 410 958 458 Leucada
991 407 1167 471 pandit
1201 409 1402 471 Apollo.

188 489 469 539 Incubuere
503 489 642 538 vadis
677 489 860 554 passim
896 489 1181 539 discrimine
1215 490 1355 538 nullo

119 571 263 619 turba
298 569 444 619 simul
479 570 737 634 primique,
776 570 950 634 nequit
985 586 1240 620 secernere
1275 569 1455 618 mixtos
1794 579 1797 587 '

117 668 277 715 aequa
312 650 430 712 sitis,
468 653 656 701 frenata
691 651 792 700 suis
827 643 894 700 in*
914 651 1137 701 curribus
1172 651 1356 701 intrant

117 742 352 793 armenta,
392 742 442 782 et
477 733 611 796 pleni
646 732 864 782 dominis
899 733 1148 796 armisque
1182 735 1405 782 feruntur

118 814 448 878 quadripedes
470 832 484 876 3
529 816 622 863 hos
657 815 805 863 turbo
839 831 1000 878 rapax,
1038 816 1132 864 hos
1168 813 1357 863 lubrica
1391 815 1568 863 fallunt
1805 874 1809 875 ⁷

117 913 249 957 saxa,
283 913 377 945 nec
412 895 678 959 implicitos
714 895 866 944 fluvio
900 895 1172 945 reverentia
1205 912 1343 959 reges
1707 905 1795 958 815,

117 987 364 1041 proterere
398 986 484 1026 aut
520 976 747 1026 mersisse
782 978 912 1026 vado
947 976 1206 1026 clamantis
1240 975 1389 1026 amici
1771 973 1776 976 ’

117 1075 216 1107 ora.
287 1060 504 1107 fremunt
539 1059 718 1118 undae,
757 1059 1035 1122 longusque
1069 1075 1099 1107 a
1133 1057 1355 1107 fontibus
1390 1057 1551 1108 amnis

116 1139 355 1203 diripitur,
394 1141 548 1189 modo
583 1141 696 1189 lene
730 1139 892 1189 virens
927 1148 977 1189 et
1011 1139 1201 1203 gurgite
1234 1156 1360 1203 puro

115 1221 404 1285 perspicuus
440 1237 576 1270 nunc
611 1222 780 1270 sordet
813 1220 956 1284 aquis
992 1230 1188 1285 egestus
1223 1221 1289 1270 ab
1323 1220 1435 1271 imis

115 1305 317 1364 alveus3
363 1302 488 1352 inde
517 1312 652 1352 toros
687 1301 902 1367 riparum
938 1312 988 1353 et
1023 1312 1224 1367 proruta
1258 1301 1460 1353 turbant
1704 1312 1810 1354 820⁷

115 1384 370 1448 gramina3
417 1384 515 1433 iam
552 1401 743 1442 crassus
779 1401 1037 1448 caenoque
1072 1394 1122 1435 et
1156 1386 1357 1449 pulvere
1393 1394 1595 1450 torrens,

116 1483 420 1530 quamquam
457 1468 652 1531 expleta
686 1466 804 1527 sitis,
842 1466 1029 1516 bibitur
1063 1476 1245 1516 tamen.
1318 1465 1516 1530 agmina
1552 1467 1684 1516 bello

116 1550 368 1598 decertare
402 1557 546 1612 putes
582 1547 867 1612 iustumque
902 1546 954 1596 in
988 1548 1178 1613 gurgite
1214 1550 1431 1597 Martem

116 1632 363 1693 perfurere
398 1639 484 1678 aut
518 1639 716 1694 captam
752 1629 858 1679 tolli
893 1629 1162 1679 victoribus
1198 1631 1388 1680 urbem.

186 1714 355 1775 Atque
390 1710 569 1774 aliquis
605 1727 777 1775 regum
813 1710 983 1760 medio
1018 1710 1337 1761 circumfluus
1372 1710 1538 1760 amni:
1707 1721 1786 1771 825

120 1793 403 1853 ‘Silvarum‚
442 1795 648 1853 Nemea,
688 1794 836 1856 longe
871 1792 1039 1857 regina
1072 1792 1331 1854 virentum,

115 1878 243 1925 lecta
280 1874 389 1924 Iovi
425 1875 583 1934 sedes,
621 1891 773 1937 quam
809 1883 863 1923 tu
898 1891 1001 1923 non
1038 1874 1273 1924 Herculis
1307 1874 1430 1924 actis

115 1959 239 2006 dura
274 1955 444 2021 magis,
482 1955 642 2005 rabidi
678 1972 793 2005 cum
829 1957 959 2005 colla
993 1955 1244 2005 comantia
1278 1955 1486 2006 monstri

115 2041 358 2103 frangeret
392 2047 442 2088 et
477 2037 697 2087 tumidos
732 2037 951 2087 animam
985 2046 1268 2102 angustaret
1302 2037 1355 2087 in
1388 2041 1551 2087 artus!

115 2123 208 2171 hae
244 2119 457 2170 saevisse
492 2129 637 2169 tenus
674 2121 974 2184 populorum
1011 2118 1062 2168 in
1099 2129 1277 2183 coepta
1311 2129 1510 2169 tuorum
1706 2128 1787 2180 83³
1824 2119 1826 2126 ²

169 2253 250 2291 812
278 2249 471 2291 cursibus
491 2249 577 2290 BD
599 2249 844 2300 (†curribus
863 2255 956 2302 sup.
977 2249 1004 2290 l.
1024 2248 1088 2303 D)
1254 2250 1334 2299 814
1364 2249 1487 2289 turbo
1507 2247 1707 2302 BDN[K
1716 2248 1752 2301 2]
1775 2264 1786 2290 t
1870 2276 1871 2279 =

115 2307 237 2346 turba
256 2306 415 2357 PQSA
569 2306 651 2355 819
678 2318 763 2344 non
784 2304 842 2343 A¹
994 2316 1192 2354 egressus
1213 2303 1254 2343 P
1402 2304 1498 2344 imis
1518 2304 1587 2343 P:
1614 2303 1700 2343 imo
1718 2303 1788 2344 ms
1848 2310 1851 2315 ’

115 2362 197 2400 820
224 2362 306 2400 tori
325 2360 369 2399 P
527 2361 606 2399 821
638 2361 819 2399 sordens
851 2358 920 2408 (ex
944 2360 1042 2411 819)
1072 2359 1115 2397 P
1257 2360 1338 2398 822
1366 2358 1466 2398 belli
1495 2358 1560 2398 P:
1600 2364 1717 2398 certe
1748 2358 1788 2408 Q
1834 2394 1836 2397 ,

115 2418 195 2466 824
225 2429 307 2456 om.
343 2414 390 2455 N
424 2414 540 2466 (add.
575 2427 647 2454 rec.
680 2427 738 2456 m.
760 2417 866 2466 mg.)
960 2419 1032 2453 aut
1060 2412 1130 2453 P:
1159 2419 1202 2453 et
1221 2413 1291 2453 ωδ
1490 2414 1569 2462 827
1602 2412 1692 2454 Iovi
1718 2412 1784 2452 P:
1827 2421 1831 2424 ·

1569 2478 1638 2500 non

118 2512 233 2553 lovis
252 2512 322 2552 ωδ
448 2525 573 2563 quam
594 2517 638 2551 tu
661 2524 746 2550 non
772 2509 811 2549 P
827 2524 837 2550 ι
875 2523 1000 2562 quam
1020 2517 1110 2551 tum
1132 2523 1220 2550 non
1239 2509 1320 2549 BS
1338 2523 1348 2549 ε
1385 2516 1588 2560 quantum
1609 2509 1675 2561 Q:
1703 2522 1789 2560 qua
1846 2488 1851 2493 .

116 2617 202 2650 tum
224 2623 307 2649 non
330 2609 376 2649 K
395 2623 404 2649 :
446 2622 570 2660 quam
599 2620 711 2647 nunc
733 2620 819 2646 non
838 2606 883 2645 D
901 2622 910 2647 ι
953 2576 1188 2658 quarliienon
1210 2575 1388 2658 (mneadd.
1407 2607 1462 2648 al.
1482 2607 1547 2660 m)
1566 2606 1633 2647 N:
1676 2619 1784 2657 quae

115 2671 202 2704 turn
221 2664 470 2704 Kohlmann
630 2663 712 2701 828
736 2663 850 2702 clara
872 2661 971 2703 Cod.
990 2662 1131 2702 Paris.
1152 2664 1260 2712 8053
1276 2660 1507 2701 Markland
1574 2661 1787 2701 comantia
1839 2680 1841 2682 ·

114 2718 200 2757 ΡΝ
210 2734 220 2758 :
250 2719 456 2759 minantia
487 2717 698 2768 BDKQS
863 2718 946 2768 829
974 2717 1189 2766 frangeret
1210 2715 1442 2756 Schrader:
1469 2723 1650 2766 angeret
1670 2714 1782 2756 codd.

114 2774 285 2866 {ijnlijidos
318 2773 356 2824 Q
539 2773 621 2823 830
650 2773 693 2811 in
733 2777 881 2822 coepta
915 2771 1150 2811 Schrader:
1192 2770 1389 2823 incoepta
1423 2770 1551 2822 BQN
1565 2784 1575 2810 :
1616 2771 1784 2822 incepta
