1884 3204
974 102 1385 152 THEBAIDOS
1423 103 1639 152 LIBER
1674 103 1749 152 IX

104 249 363 311 Hypseos;
398 241 778 305 exanimumque
812 250 986 290 tenens
1021 257 1167 305 super
1202 240 1617 304 Hippomedonta

69 342 72 349 “
105 326 329 390 ‘Accipe’
362 323 430 374 ait
468 322 640 371 ‘simul
675 321 879 382 hostilis,
918 322 1019 371 dux
1054 338 1245 385 magne,
1283 331 1492 385 tuasque

102 406 309 465 exuvia8‚
346 403 509 454 veniet
543 401 695 452 cineri
730 403 882 452 decus
918 410 968 450 et
1003 417 1121 450 suus
1157 403 1281 450 ordo

103 485 327 539 manibus
343 502 357 546 3
402 484 588 533 interea
620 481 775 532 iustos
811 482 932 531 dum
967 481 1222 530 reddimus
1258 480 1398 544 ignis,

0 621 2 635 ζ
99 569 196 619 hoc
229 567 357 615 ultor
391 565 651 628 Capaneus
687 562 845 627 operit
878 570 965 610 tua
999 562 1223 611 membra
1258 562 1515 625 sepulcro.²
1669 567 1747 622 565

0 683 3 696 .
66 656 69 659 '
100 646 169 698 sic
201 661 382 709 anceps
416 646 540 694 dura
573 643 690 706 belli
723 642 831 692 vice
865 651 1038 693 mutua
1072 641 1214 691 Grais

0 707 3 741 ἶ
98 725 414 789 ‘Sidoniisque
449 723 595 774 simul
630 722 861 774 nectebat
896 724 1098 771 vulnera
1134 723 1370 771 Mavors:

95 806 182 858 ‘hic
214 808 344 856 ferus
380 804 757 870 Hippomedon,
795 802 894 853 illic
929 820 1033 853 non
1069 802 1263 867 segnior
1300 805 1534 868 Hypseus

0 869 5 930 5
85 887 255 947 fletur,
292 895 341 936 et
375 885 548 935 alterni
583 885 821 949 praebent
857 884 1039 934 solacia
1073 886 1248 934 luctus.

0 1016 2 1036 ;
165 965 408 1016 Tristibus
443 965 629 1015 interea
664 982 895 1016 somnum
931 965 1127 1014 turbata
1162 964 1327 1029 figuris
1675 982 1753 1027 570

0 1060 6 1103 ’ἱ
64 1105 66 1108 ⁴
105 1056 241 1099 torva
275 1046 526 1111 sagittiferi
563 1055 719 1096 mater
753 1046 981 1110 Tegeatis
1017 1045 1214 1110 ephebi,

103 1127 237 1179 crine
272 1129 391 1178 dato
426 1127 610 1192 passim
646 1127 926 1192 plantisque
961 1144 1020 1177 ex
1055 1144 1193 1176 more
1228 1126 1414 1186 solutis,

100 1217 213 1260 ante
248 1207 381 1258 diem
416 1208 603 1272 gelidas
638 1207 742 1257 ibat
778 1207 999 1258 Ladonis
1033 1209 1100 1257 ad
1134 1209 1294 1257 undas

100 1297 359 1355 purgatura
394 1290 579 1338 malum
614 1288 766 1338 fluvio
801 1288 997 1338 vivente
1033 1304 1277 1352 soporem.

98 1386 314 1434 namque
348 1386 435 1433 per
467 1369 699 1418 attonitas
735 1386 961 1419 curarum
995 1370 1218 1433 pondere
1252 1377 1425 1418 noctes
1677 1386 1755 1430 575

101 1466 246 1515 saepe
281 1458 330 1499 et
364 1451 589 1513 delapsas
624 1449 796 1513 adytiS‚
836 1465 959 1512 quas
994 1448 1101 1513 ipsa
1135 1447 1334 1508 dicarat,

103 1530 311 1590 exuvias,
351 1546 503 1594 seque
537 1529 718 1594 ignotis
754 1546 913 1579 errare
948 1529 1184 1593 sepulcris

102 1620 340 1662 extorrem
374 1627 634 1660 nemorum
672 1612 1030 1674 Dryadumque
1066 1627 1096 1659 a
1130 1610 1277 1674 plebe
1313 1611 1543 1674 fugatam,

102 1708 251 1756 saepe
284 1708 440 1742 novos
476 1691 579 1741 nati
614 1692 764 1751 bello,
784 1691 988 1741 rediisse
1023 1690 1319 1755 triumphos,

100 1789 333 1836 armaque
369 1780 418 1821 et
451 1771 698 1835 alipedem
734 1781 909 1821 notum
944 1771 1253 1835 comitesque
1287 1771 1502 1834 videbat,
1678 1783 1758 1835 580

0 1834 2 1905 ἶ
29 1887 32 1891 -
102 1869 374 1917 numquam
408 1852 583 1916 ipsum,
623 1869 756 1901 nunc
792 1869 852 1902 ex
885 1852 1066 1902 umeris
1102 1852 1299 1902 fluxisse
1334 1855 1599 1917 pharetras,

103 1930 384 1994 effigiesque
419 1946 531 1979 suas
567 1929 926 1993 simulacraque
961 1939 1080 1979 nota
1114 1930 1331 1980 cremari.

104 2010 393 2076 praecipuos
429 2012 518 2059 sed
554 2010 686 2060 enim
722 2009 805 2060 illa
844 2019 1005 2061 metus
1041 2013 1336 2076 portendere
1370 2012 1473 2063 visa
1507 2021 1582 2063 est

106 2108 206 2142 nox
240 2091 447 2141 miserae
480 2099 686 2155 totoque
722 2090 872 2140 erexit
907 2100 1107 2156 pectore
1143 2101 1366 2142 matrem.

103 2181 223 2222 nota
257 2189 344 2237 per
377 2171 614 2221 Arcadias
649 2171 779 2221 felici
813 2172 991 2223 robore
1027 2172 1171 2222 silvas
1678 2186 1757 2237 585

109 2269 318 2317 quercus
354 2260 469 2312 erat,
507 2251 703 2303 Triviae
738 2269 889 2316 quam
924 2254 1262 2303 desacraverat
1295 2253 1403 2318 ipsa

109 2337 316 2385 electam
352 2335 495 2383 turba
529 2350 790 2384 nemorum
825 2351 1112 2399 numenque
1146 2337 1360 2386 colendo

112 2417 322 2467 fecerat:
369 2414 450 2464 hic
484 2431 625 2465 arcus
662 2423 710 2464 et
745 2416 874 2465 fessa
908 2432 1145 2480 reponere
1179 2419 1290 2478 tela,

114 2512 349 2560 armaque
384 2512 531 2545 curva
566 2512 711 2545 suum
738 2505 796 2546 ‘et
830 2513 1099 2547 vacuorum
1134 2506 1268 2561 terga
1302 2499 1505 2549 leonum

109 2578 256 2642 figere
293 2585 342 2627 et
377 2576 588 2639 ingentis
622 2577 886 2640 aequantia
919 2594 1105 2629 cornua
1139 2578 1295 2629 silvas.
1682 2602 1765 2644 590

126 2716 129 2717 ⁷
159 2707 235 2755 561
261 2704 465 2755 Hypseos
477 2704 708 2744 Markland
721 2719 732 2744 t
757 2704 891 2755 ipsius
902 2705 1017 2745 codd.
1110 2707 1190 2757 567
1210 2707 1359 2746 funera
1372 2706 1604 2748 Markland
1683 2722 1759 2761 571

105 2759 272 2808 taigetis
301 2759 349 2797 N
479 2770 558 2808 572
587 2759 820 2809 palmisque
848 2759 893 2797 D
1040 2761 1122 2810 578
1149 2767 1361 2800 exsortem
1380 2762 1436 2814 N,
1453 2762 1558 2812 fort.
1580 2765 1764 2816 recipien-

107 2811 235 2863 dum3
275 2813 350 2852 ubi
372 2813 481 2852 enim
509 2813 610 2852 alibi
626 2814 808 2854 extorris
833 2827 927 2854 cum
950 2815 1131 2866 genitivo
1158 2815 1389 2855 invenitur?
1426 2816 1499 2856 sed
1513 2818 1561 2867 cy}
1583 2819 1656 2858 xii.
1681 2821 1762 2859 262

109 2879 329 2906 nemorum
348 2866 457 2906 PD:
485 2867 666 2906 nemoris
685 2867 847 2917 BNQS
1022 2870 1099 2918 581
1131 2882 1346 2919 nunquam
1373 2869 1437 2909 P:
1473 2884 1679 2922 nusquam
1697 2874 1769 2914 ωδ

111 2920 190 2972 583
208 2922 299 2962 visa
312 2926 378 2962 est
391 2920 473 2961 PD
490 2935 500 2962 ε
519 2921 609 2962 visa
624 2921 657 2973 (i
675 2928 764 2976 sup.
783 2935 808 2963 a
823 2921 937 2976 add.)
950 2922 993 2963 Β
1010 2936 1019 2963 :
1039 2923 1130 2964 visa
1140 2923 1262 2975 NQS
1340 2925 1421 2976 589
1435 2924 1574 2978 terga]
1586 2933 1708 2969 torva
1724 2929 1767 2968 P
