1884 3204
963 87 1375 136 THEBAIDOS
1411 88 1627 135 LIBER
1663 88 1710 135 V

58 222 168 272 illae
201 230 382 272 autem·
402 222 560 271 tristes
597 221 734 287 (nam
771 238 851 270 me
887 230 1005 270 tunc
1040 221 1194 271 libera
1229 221 1356 271 curis

51 301 301 366 ‚virginitas
336 302 553 365 annique
588 301 780 365 tegunt)
817 302 910 350 sub
946 310 1095 350 nocte
1130 301 1313 365 dieque

56 381 264 432 assiduis
298 398 470 445 aegrae
504 381 555 430 in
590 381 800 430 lacrimis
835 381 1045 430 solantia
1080 381 1289 430 miscent

56 462 332 524 conloquia,
369 464 454 510 aut
489 479 682 511 saevam
720 471 944 526 spectant
979 470 1111 510 trans
1146 478 1362 525 aequora
1396 463 1637 511 Thracen.

123 542 207 590 Sol
242 558 445 604 operum
482 541 673 591 medius
710 558 905 591 summo
941 541 1150 590 librabat
1187 542 1403 606 Olympo
1655 550 1706 599 85

50 621 276 681 lucenti&
314 638 405 670 ceu
441 631 602 682 staret,
640 639 830 685 equos,
877 631 1049 685 quater
1083 639 1173 686 axe
1209 639 1383 672 sereno

54 701 282 769 intonuit,
319 711 492 766 quater
525 712 665 752 antra
698 702 780 752 dei
815 703 1050 752 fumantis
1085 705 1291 752 anhelos

53 798 305 832 exseruere
338 783 518 846 apices,
554 783 812 847 ventisque
845 783 1133 833 absentibus
1169 786 1344 848 Aegon

55 872 218 915 motus
254 873 303 913 et
337 863 523 928 ingenti
557 865 795 928 percussit
829 865 971 914 litora
1004 874 1193 929 ponto:

53 959 168 994 cum
203 943 368 994 subito
403 946 670 995 horrendas
705 944 812 994 aevi
847 954 1037 994 matura
1072 947 1258 1008 Polyxo
1654 965 1708 1006 90

53 1023 238 1073 tollitur
271 1024 322 1072 in
357 1024 504 1074 furias
539 1025 865 1089 thalamisque
899 1025 1093 1075 insueta
1126 1025 1305 1075 relictis

53 1106 226 1155 evolat.
298 1104 473 1158 insano
508 1106 658 1155 veluti
693 1106 958 1155 Teumesia
992 1106 1176 1170 Thyias

54 1194 192 1248 rapta
227 1187 336 1246 deo,
375 1203 489 1235 cum
525 1204 662 1236 sacra
696 1196 876 1236 vocant
912 1189 1163 1251 Idaeaque
1198 1189 1373 1237 suadet

55 1264 213 1315 buxus
249 1275 297 1315 et
331 1283 361 1315 a
395 1267 601 1316 summis
635 1267 834 1317 auditus
870 1268 1123 1317 montibus
1161 1270 1371 1316 Euhan:

0 1347 1 1388 5
53 1345 124 1395 sic
158 1355 319 1395 erecta
352 1363 502 1410 genas
537 1348 796 1411 aciemque
831 1350 988 1397 offusa
1023 1349 1250 1398 trementi
1656 1369 1707 1410 95

0 1435 2 1486 g
53 1426 291 1490 sanguine
325 1429 570 1476 desertam
605 1428 790 1477 rabidis
826 1428 1123 1478 clamoribus
1160 1430 1334 1478 urbem

0 1528 2 1555 ὲ
51 1506 272 1570 exagitat,
311 1509 599 1572 clausasque
634 1510 812 1558 domos
849 1518 898 1558 et
933 1509 1103 1558 limina
1138 1512 1339 1574 pulsans

51 1587 316 1637 concilium
351 1598 528 1650 vocat3
567 1589 735 1639 infelix
769 1589 1030 1639 comitatus
1067 1591 1204 1640 eunti

51 1668 320 1718 haerebant
354 1670 468 1719 nati.
541 1679 690 1734 atque
725 1670 836 1720 illae
872 1688 974 1720 non
1010 1671 1206 1736 segnius
1243 1689 1416 1722 omnes

52 1758 315 1813 erumpunt
349 1750 503 1811 tectis,
543 1756 860 1815 summasque
895 1754 959 1801 ad
995 1755 1224 1802 Pallados
1260 1770 1396 1802 arces
1629 1774 1707 1802 100

51 1827 296 1893 impetus:
334 1832 432 1880 huc
466 1848 673 1895 propere
709 1832 946 1896 stipamur
981 1843 1030 1883 et
1066 1834 1239 1883 ordine
1275 1836 1412 1883 nullo

53 1919 347 1973 congestae3
394 1911 562 1961 stricto
597 1929 713 1961 mox
747 1930 866 1962 ense
901 1913 1094 1963 silentia
1128 1914 1269 1963 iussit

53 1990 286 2056 hortatrix
320 1993 559 2041 scelerum
594 2002 644 2042 et
679 1993 844 2043 medio
880 1994 950 2043 sic
985 2011 1096 2044 orsa
1128 1995 1335 2059 profari:

55 2073 86 2096 “
104 2071 234 2119 Rem
269 2088 513 2121 summam
548 2072 783 2122 instinctu
819 2090 1050 2138 superum
1086 2076 1344 2140 meritique
1380 2077 1577 2138 doloriS,

53 2165 84 2199 0
118 2150 296 2200 viduae
331 2151 540 2217 (firmate
573 2153 765 2203 animos
801 2164 850 2204 et
883 2156 1050 2219 pellite
1084 2174 1254 2206 sexum
1275 2157 1307 2222 Ξ)
1626 2179 1701 2219 105

54 2230 364 2292 Lemniades,
403 2233 590 2283 sancire
624 2251 774 2297 par03
821 2235 861 2285 si
897 2239 1061 2287 taedet
1095 2238 1255 2287 inanis

51 2319 304 2360 aeternum
340 2329 528 2362 servare
563 2315 740 2364 domos
776 2324 1070 2381 turpemque
1103 2318 1331 2369 iuventae

50 2391 170 2440 flore
205 2391 352 2441 situm
387 2402 436 2442 et
469 2394 627 2457 longis
662 2396 835 2445 sterilis
870 2397 922 2445 in
957 2399 1171 2448 luctibus
1205 2417 1376 2460 annos,

49 2469 227 2531 inveni,
265 2473 513 2536 promitto,
551 2474 679 2524 viam
716 2475 830 2541 (nec
865 2479 1070 2528 numina
1105 2482 1306 2546 desunt)

43 2566 147 2614 qua
181 2555 464 2603 renovanda
498 2557 702 2606 Venus:
743 2560 896 2608 modo
931 2577 1018 2623 par
1053 2560 1285 2611 insumite
1320 2563 1469 2612 robur
1627 2583 1704 2613 110

47 2631 274 2693 luctibuS,
312 2643 460 2698 atque
494 2637 623 2686 adeo
658 2637 871 2700 primum
907 2641 1004 2690 hoc
1036 2641 1157 2690 mihi
1191 2659 1396 2692 noscere
1430 2645 1586 2693 detur-

47 2711 187 2762 tertia
219 2723 364 2763 canet
399 2714 557 2766 hiems
578 2735 594 2778 ,-
637 2718 718 2767 cui
753 2720 1035 2770 conubialia
1069 2722 1231 2772 vincla

101 2839 155 2878 82
182 2842 509 2893 animiquecorr.
541 2845 584 2884 in
612 2848 794 2897 annique
816 2848 855 2898 Q
1016 2850 1067 2900 83
1096 2850 1139 2890 in
1169 2864 1251 2890 om.
1283 2851 1457 2902 BDQN
1646 2868 1699 2906 95

10 2941 14 2944 ²
47 2893 178 2933 offusa
195 2895 340 2947 Barth,
363 2897 589 2939 Heinsius:
629 2901 762 2942 effusa
783 2902 894 2942 codd.
1073 2917 1127 2955 99
1157 2905 1227 2945 illa
1245 2905 1455 2947 Baehrens
1622 2922 1698 2959 103

0 2949 14 2963 ·'
47 2959 146 2987 orsa
163 2948 328 3000 Bentley
347 2964 356 2990 :
384 2965 486 2992 ausa
503 2952 614 2994 codd.

99 3013 213 3043 surr.
235 3015 363 3045 'ri-1133.
1561 3017 1587 3056 8

0 3050 16 3146 l
