1884 3204
644 437 861 484 LIBER
897 436 1208 499 QVINTVS

173 606 342 652 PVLSA
378 602 481 652 sitis
518 602 682 662 fluvio,
720 605 1055 666 populataque
1090 600 1290 665 gurgitis
1325 602 1521 649 alveum

171 685 369 748 agmina
403 684 696 748 linquebant
732 684 860 747 ripas
895 700 1197 746 amnemque
1233 681 1475 730 minorem
1492 700 1506 742 3

172 767 328 816 acrior
364 775 412 815 et
447 782 681 828 campum
717 764 916 827 sonipes
951 763 1077 827 rapit
1113 772 1162 812 et
1197 765 1350 827 pedes
1386 779 1500 811 arva

172 848 346 911 implet
381 863 547 906 ovanS‚
587 845 774 894 rediere
810 844 923 893 viris
958 843 1211 907 animique
1247 843 1521 907 minaeque*

171 938 400 991 votaque,
439 926 694 990 sanguinei
730 925 939 974 mixtum
975 942 1068 974 ceu
1103 924 1324 974 fontibus
1360 924 1527 988 ignem
1815 925 1859 989 5]

173 1009 451 1058 hausissent
487 1007 604 1057 belli
639 1023 943 1070 magnasque
979 1005 1031 1054 in
1065 1005 1253 1070 proelia
1287 1014 1494 1054 mentes.
1851 1000 1854 1004 ²

174 1089 401 1155 dispositi
436 1089 487 1137 in
523 1097 708 1138 turmas
741 1105 905 1137 rursus
941 1089 1203 1151 legemque
1238 1085 1394 1135 severi

173 1170 373 1230 ordinis,
412 1179 467 1219 ut
502 1168 682 1233 cuique
716 1178 832 1218 ante
867 1170 1007 1218 locus
1043 1169 1334 1230 ductorque,
1373 1175 1640 1217 monentur

173 1252 443 1301 instaurare
477 1250 595 1300 vias.
667 1251 811 1299 tellus
847 1249 946 1298 iam
982 1250 1183 1313 pulvere
1219 1247 1379 1312 primo

173 1334 361 1394 crescit,
400 1343 449 1383 et
483 1349 732 1383 armorum
769 1331 1110 1381 transmittunt
1145 1332 1337 1393 fulgura
1371 1329 1536 1380 silvae.
1794 1348 1858 1379 ιο

174 1416 338 1480 qualia
373 1425 506 1464 trans
541 1424 752 1479 pontum
789 1413 978 1462 Phariis
1014 1415 1259 1476 deprensa
1293 1411 1477 1461 serenis
1854 1400 1856 1402 ¹

173 1515 321 1547 rauca
357 1496 652 1546 Paraetonio
689 1497 941 1545 decedunt
976 1493 1175 1558 agmina
1211 1491 1343 1554 Nilo,

176 1597 277 1643 quo
311 1581 414 1628 fera
449 1578 580 1642 cogit
615 1577 805 1627 hiems:
841 1576 954 1626 illae
990 1578 1220 1640 clangore
1258 1575 1433 1641 fugaci,

175 1661 352 1709 umbra
386 1659 520 1709 fretis
555 1658 795 1722 arvisque,
833 1660 1015 1719 volant,
1054 1668 1198 1708 sonat
1232 1658 1370 1709 avius
1405 1658 1588 1708 aether.

176 1741 274 1790 iam
312 1745 508 1791 Borean
544 1741 816 1804 imbrisque
852 1740 967 1805 pati,
1007 1740 1105 1790 iam
1142 1758 1260 1791 nare
1297 1738 1470 1790 solutis
1794 1757 1844 1801 ¹5

176 1823 408 1872 amnibus
444 1832 492 1873 et
528 1824 667 1871 nudo
702 1821 836 1870 iuvat
870 1822 1108 1871 aestivare
1143 1823 1237 1872 sub
1274 1824 1490 1871 Haemo.

246 1900 349 1950 Hic
384 1917 548 1949 rursus
584 1899 731 1948 simili
766 1917 1027 1964 procerum
1061 1902 1275 1949 vallante
1310 1915 1495 1951 corona

178 1984 279 2031 dux
313 1981 647 2041 TalaionideS‚
685 1980 890 2045 antiqua
925 1990 980 2030 ut
1014 1982 1139 2031 forte
1175 1982 1269 2030 sub
1304 1997 1428 2030 orno

177 2065 351 2123 stabat,
391 2073 440 2114 et
474 2062 665 2114 admoti
701 2062 843 2111 nixus
881 2061 1129 2129 Polynicis
1164 2062 1216 2111 in
1252 2064 1479 2111 hastam:
1863 2122 1865 2124 Ι

183 2149 279 2194 ‘At
315 2155 497 2205 tamen,
536 2162 567 2194 o
603 2161 950 2208 quaecumque
986 2161 1038 2194 es
1058 2146 1069 2168 '
1104 2143 1172 2193 ait
1211 2143 1318 2193 ‘cui
1355 2141 1529 2208 (gratia
1577 2150 1714 2191 tanta
1751 2139 1857 2209 est)

181 2227 407 2276 venimus
444 2226 733 2276 innumerae
767 2227 869 2275 fato
905 2226 1088 2276 debere
1124 2227 1353 2275 cohortes
1795 2243 1858 2274 21

236 2370 255 2396 1
287 2358 428 2397 alvum
460 2356 683 2408 (suprascr.
713 2355 931 2406 †alveum)
962 2355 1036 2395 D:
1075 2356 1212 2395 alvum
1245 2355 1453 2406 BKNQS
1467 2370 1477 2395 z
1509 2356 1640 2395 altum
1673 2354 1716 2394 P
1740 2343 1858 2406 quod]

179 2413 343 2452 mavult
359 2411 602 2451 Phillimore
734 2423 759 2460 3
791 2424 910 2450 armu
923 2410 966 2448 P
977 2410 1068 2463 (sic)
1209 2422 1234 2460 5
1262 2411 1487 2461 sanguinei
1505 2410 1548 2449 D
1566 2426 1575 2450 ε
1604 2409 1850 2460 sanguineis

177 2466 425 2517 PBKNQS
576 2467 603 2505 8
633 2468 842 2505 moner&¹”
859 2465 928 2504 P:
957 2469 1142 2514 monent‘
1158 2479 1260 2505 corr.
1281 2479 1331 2504 ex
1346 2472 1541 2504 moneret
1563 2465 1602 2516 Q
1799 2475 1863 2505 11

178 2523 391 2571 deprensa
418 2519 462 2558 P
484 2525 522 2559 et
547 2521 616 2568 sic,
642 2525 759 2570 puto,
782 2520 829 2560 L.
851 2519 941 2560 vide
959 2525 1030 2558 not
1061 2519 1121 2559 ad
1136 2520 1205 2559 Ioc.
1226 2534 1236 2559 ε
1265 2520 1438 2559 defensa
1458 2525 1539 2560 cett.
1687 2532 1736 2569 13
1764 2524 1863 2569 (Ῑιιοζ

183 2576 362 2616 Vollmer
378 2589 388 2616 z
414 2588 509 2615 cum
527 2574 598 2627 <cn
612 2574 671 2627 P)
687 2574 798 2614 codd.
873 2574 985 2623 cogit
1001 2574 1067 2614 P:
1089 2575 1209 2625 ponit
1220 2573 1297 2625 ωδ,
1315 2575 1453 2614 locum
1464 2573 1660 2627 expedivit
1675 2573 1854 2613 Vollmer

182 2655 231 2692 19
259 2641 382 2680 hasta
402 2640 450 2680 N
607 2653 661 2678 20
688 2640 824 2689 gratia
841 2629 956 2692 (ἑῗέι)
978 2645 1094 2679 tanta
1115 2645 1181 2679 est
1199 2640 1367 2690 scripsi:
1396 2639 1530 2689 gloria
1550 2623 1640 2689 (gTa
1653 2638 1713 2683 B)
1731 2645 1803 2677 tan
1830 2638 1868 2687 en}

180 2696 292 2735 codd.
512 2706 561 2733 21
593 2693 749 2733 venim'
769 2693 812 2732 P
947 2693 1033 2733 sato
1053 2707 1147 2733 curn
1170 2694 1268 2735 Cod.
1290 2693 1388 2734 Coll.
1412 2694 1461 2734 S.
1481 2693 1566 2734 Pet.
1591 2693 1737 2746 scripsi
1766 2693 1847 2741 (tle.

180 2751 265 2789 sato
287 2749 501 2801 venimus)
523 2754 562 2788 et
577 2762 777 2788 versuum
797 2761 934 2787 20-22
953 2749 1323 2800 interpunctionem
1344 2748 1532 2787 mutavi:
1570 2749 1700 2787 satum
1720 2745 1830 2787 codd.
1839 2760 1851 2772 ·

179 2805 307 2843 vitam
336 2804 473 2843 Barth
556 2804 767 2854 venimus,
793 2802 1043 2842 innumerae
1073 2809 1117 2842 et
1147 2803 1290 2842 santur
1321 2803 1619 2843 Sandstroemt
1657 2799 1852 2842 vovimu

180 2860 431 2899 innumerae
451 2859 594 2898 fanum
616 2857 810 2897 Mueller:
840 2871 893 2897 en
918 2858 991 2897 uni
1016 2858 1264 2898 innumeras
1284 2857 1494 2898 Baehrens
1743 2877 1746 2880 ⁴
