1884 3204
984 57 1394 108 THEBAIDOS
1432 58 1646 106 LIBER
1684 59 1757 106 IV

26 226 28 228 ’
112 202 180 254 ire
214 200 408 252 tamen!
475 197 620 248 simul
653 199 952 256 haerentem,
990 213 1054 246 ne
1089 196 1227 244 tarda
1263 194 1476 258 Pelasgis

85 284 211 343 ,dux
243 283 379 340 foret,
417 296 447 329 a
481 277 910 351 miserum-vicino
945 276 1160 339 caespite
1193 277 1449 323 alumnum
1681 283 1759 334 780

110 363 202 431 (sic
237 365 417 411 Parcae
450 359 669 423 voluere)
704 360 833 407 locat
867 357 1087 421 ponique
1120 355 1344 419 negantis

23 446 29 511 j
69 486 74 493 .
109 443 310 495 floribus
343 439 557 504 adgestis
592 449 640 489 et
675 437 836 487 amico
872 454 1120 486 murmure
1156 436 1315 485 dulcis

109 525 292 575 solatur
324 520 579 570 lacrimas:
632 519 789 583 qualis
827 516 1116 581 Berecyntia
1152 526 1319 576 mater,

22 593 26 617 ²
77 605 227 655 .dum
262 618 463 666 parvum
499 600 627 649 circa
660 599 796 648 iubet
831 601 1070 648 exsultare
1105 599 1387 647 Tonantem

23 716 25 724 ·
78 685 313 744 :Curetas
348 681 598 745 trepidos3
644 680 713 728 illi
748 679 984 729 certantia
1018 680 1260 742 plaudunt
1680 685 1756 738 785

105 763 253 829 orgia,
291 764 379 812 sed
414 761 603 826 magnis
639 770 834 810 resonat
868 759 1110 824 vagitibus
1147 760 1251 808 Ide.

19 843 22 918 J
95 885 99 889 ,
173 847 240 894 At
275 860 395 907 puer
429 842 479 891 in
514 842 699 907 gremio
734 847 985 894 †vernae†
1020 840 1203 890 telluris
1239 848 1288 889 et
1322 841 1422 888 alto

50 920 65 956 J
106 923 322 991 gramine
356 941 489 973 nunc
524 923 677 972 facilis
713 922 883 972 sternit
917 921 1231 986 procursibus
1266 921 1443 970 herbas

106 1005 158 1056 in
193 1007 381 1055 vultum
417 1004 593 1064 nitens,
632 1021 794 1053 caram
830 1005 983 1053 modo
1018 1002 1156 1052 lactis
1193 1019 1350 1066 egeno

106 1086 344 1136 nutricem
381 1088 614 1149 plangore
649 1085 784 1134 ciens
819 1084 1094 1147 iterumque
1129 1083 1344 1132 renitens
1679 1097 1760 1144 790

106 1173 155 1214 et
190 1162 367 1213 teneris
404 1162 648 1212 meditans
682 1163 831 1211 verba
865 1160 1154 1210 inluetantia
1188 1160 1334 1209 labris

106 1243 304 1294 miratur
339 1260 598 1292 nemorum
634 1242 862 1306 strepitus
897 1251 983 1290 aut
1017 1241 1164 1290 obvia
1198 1240 1352 1303 carpit

104 1333 189 1375 aut
223 1325 392 1388 patulo
427 1323 574 1372 trahit
609 1339 692 1372 ore
727 1323 860 1372 diem
895 1321 1185 1385 nemorique
1220 1323 1461 1369 malorum

104 1405 287 1455 inscius
322 1414 371 1453 et
405 1404 532 1454 vitae
568 1406 778 1452 multum
815 1420 1014 1452 securus
1048 1402 1240 1451 inerrat.

105 1485 175 1536 sic
210 1495 346 1535 tener
381 1484 590 1548 Odrysia
627 1487 828 1533 Mavors
863 1483 989 1543 nive,
1029 1482 1098 1532 sic
1133 1499 1255 1546 puer
1289 1484 1389 1531 ales
1679 1501 1755 1542 795

103 1565 283 1616 vertice
318 1565 583 1625 Maenalio,
622 1565 731 1614 talis
767 1581 854 1628 per
887 1564 1028 1613 litora
1062 1573 1259 1627 reptans

103 1646 357 1711 improbus
393 1645 623 1709 Ortygiae
658 1647 783 1694 latus
818 1645 1088 1694 inclinabat
1122 1646 1320 1708 Apollo.

172 1727 251 1776 Illi
284 1744 371 1791 per
405 1728 584 1776 dumos
620 1736 669 1776 et
704 1742 860 1790 opaca
895 1725 1164 1775 virentibus
1199 1724 1386 1773 umbris

103 1808 245 1858 devia
278 1824 389 1872 pars
424 1807 642 1871 cingunt,
679 1824 790 1871 pars
824 1816 927 1856 arta
961 1808 1108 1871 plebe
1143 1815 1414 1869 sequuntur

30 1875 34 1879 ⁵
101 1891 530 1953 praecelerantque
554 1890 749 1938 ducem.
803 1888 1025 1937 medium
1061 1887 1194 1936 subit
1229 1887 1311 1935 illa
1346 1903 1432 1950 per
1457 1903 1635 1950 agmen
1673 1896 1753 1936 800

103 1986 206 2019 non
240 1969 415 2018 humili
448 1969 625 2018 festina
659 1970 812 2018 modo
830 1987 844 2030 3
881 1968 1079 2032 iamque
1113 1985 1260 2017 amne
1295 1967 1576 2032 propinquo

104 2067 250 2100 rauca
284 2059 428 2099 sonat
460 2051 623 2109 valles,
662 2066 991 2112 saxosumque
1026 2048 1221 2112 impulit
1256 2049 1385 2097 auris

108 2147 354 2180 murmur:
409 2130 479 2179 ibi
514 2132 760 2180 exsultans
796 2132 1073 2179 conclamat
1107 2130 1171 2179 ab
1207 2129 1402 2195 agmine
1437 2129 1622 2193 primus

105 2211 231 2261 sicut
266 2220 366 2261 erat
401 2211 589 2260 levibus
625 2213 802 2260 tollens
837 2211 1010 2260 vexilla
1045 2211 1272 2274 maniplis

105 2295 266 2356 Argus
306 2294 548 2356 ‘aquael'
594 2294 869 2356 longusque
903 2292 1059 2341 virum
1096 2309 1241 2356 super
1275 2309 1359 2341 ora
1394 2292 1605 2341 cucurrit
1676 2300 1754 2353 805

155 2419 230 2468 781
261 2419 443 2470 ponique
474 2421 664 2470 negantis
681 2419 728 2459 L.
751 2418 815 2459 Ll.
844 2420 966 2463 schol.
984 2419 1123 2458 Bamb
1139 2450 1150 2471 ‚
1175 2419 1297 2459 schol.
1324 2419 1476 2468 Paris„
1500 2420 1747 2470 Gronovius,

68 2495 74 2497 -
103 2472 296 2524 Bentley:
334 2475 539 2524 ponitque
569 2480 798 2525 negantem
822 2474 931 2513 Poes
950 2473 1196 2524 (negantem
1221 2490 1230 2514 :
1271 2487 1337 2513 em
1364 2475 1409 2513 in
1439 2488 1520 2514 ras.
1543 2475 1612 2524 Q:
1651 2475 1752 2525 poni

103 2541 239 2579 marg.
259 2526 312 2566 al.
334 2541 391 2567 m.
416 2527 473 2578 Q)
666 2529 743 2578 784
772 2541 945 2578 parvum
976 2528 1085 2567 circa
1108 2528 1239 2567 PDN
1250 2543 1258 2567 :
1297 2529 1406 2567 circa
1434 2542 1609 2579 parvum
1630 2529 1753 2578 BKQ

102 2583 179 2631 785
207 2581 435 2621 certamina
450 2582 498 2620 N
601 2584 679 2631 786
698 2595 855 2633 organa
870 2583 936 2621 D:
966 2583 1084 2632 orgia
1099 2596 1231 2634 marg.
1250 2583 1287 2633 Q
1303 2583 1377 2633 (·ia
1388 2590 1481 2634 sup.
1498 2584 1524 2623 l.
1541 2583 1628 2622 ead.
1647 2587 1724 2634 m.)
1740 2597 1749 2620 ε

101 2636 248 2685 †orgia
270 2636 506 2686 ‘timpana'
527 2636 645 2676 schol.
668 2637 706 2687 Q
869 2638 943 2686 787
972 2650 1127 2676 vernae
1156 2643 1404 2687 corruptum.
1462 2638 1558 2676 Non
1574 2641 1750 2684 ⁴vernum

101 2690 210 2728 enim
226 2694 387 2742 tempus
399 2695 498 2740 erat,
518 2691 567 2740 cs.
589 2692 671 2730 680
682 2704 793 2742 sqq.:
820 2704 876 2730 an
896 2693 1094 2730 tenerae?
1194 2704 1271 2741 790
1300 2691 1502 2741 plangore
1517 2693 1750 2730 Baehrens:

101 2742 299 2794 clangore
314 2743 582 2799 PBDQ[KS
593 2744 628 2796 3]
653 2759 662 2784 :
684 2747 867 2784 clamore
884 2747 938 2785 JV
1039 2758 1116 2795 790
1146 2747 1335 2785 renitens
1353 2746 1396 2784 D
1414 2760 1423 2784 τ
1452 2746 1651 2785 renidens
1667 2750 1747 2785 cett.

102 2809 178 2860 794
208 2798 374 2891 nelsvcius
392 2798 440 2838 N
543 2800 623 2838 802
651 2805 804 2840 sonant
824 2798 871 2837 N
975 2800 1054 2850 803
1082 2800 1242 2850 primus
1261 2798 1493 2853 BD[KS3]
1518 2801 1665 2851 :prim'
1687 2800 1753 2838 P:

99 2864 236 2914 emmo
