1884 3204
132 129 186 176 P.
225 127 467 176 PAPINI
504 127 710 176 STATI

131 265 344 327 perforat
381 262 734 327 Hippotadae3
780 263 965 313 truncis
1001 280 1090 313 sua
1130 263 1354 312 membra
1386 261 1590 313 remittit

131 344 380 405 interdum
415 346 678 408 galeasque
713 353 840 393 rotat
874 361 961 409 per
995 345 1167 394 nubila
1201 346 1386 408 plenas.

133 433 182 473 et
215 423 315 473 iam
352 423 641 487 corporibus
677 440 785 473 sese
821 424 1090 488 spoliisque
1125 426 1394 473 cadentum

134 507 374 554 clauserat
392 523 423 565 3.
451 522 608 553 unum
642 505 773 555 acies
809 506 995 555 circum
1030 505 1351 565 consumitur,
1389 521 1547 553 unum

132 586 300 636 omnia
335 588 433 635 tela
466 595 677 635 vovent:
724 587 931 637 summis
966 589 1091 636 haec
1126 586 1321 636 ossibus
1357 587 1575 645 haerent,

131 684 243 731 pars
279 669 505 717 frustrata
540 670 738 727 cadunt,
777 677 967 732 partem
1002 667 1229 717 Tritonia
1262 667 1410 726 vellit,

133 750 288 797 multa
322 748 480 813 rigent
515 749 690 812 clipeo.
761 748 928 798 densis
963 748 1063 797 iam
1099 748 1320 798 consitus
1355 747 1508 797 hastis

95 872 101 878 .
133 832 365 879 ferratum
401 829 560 893 quatit
595 830 750 879 umbo
786 846 977 889 nemus,
1015 838 1252 893 tergoque
1286 829 1467 879 fatiscit

131 919 281 973 atque
317 909 499 958 umeris
530 909 726 972 gentilis
761 926 879 973 aper
894 927 909 969 3
954 926 1201 972 nusquam
1235 912 1390 959 ardua
1424 909 1539 959 coni

130 990 297 1055 gloria,
336 990 520 1054 quique
556 989 750 1053 apicem
785 998 953 1038 torvae
989 989 1234 1039 Gradivus
1269 991 1488 1040 habebat

132 1071 351 1131 cassidis,
389 1072 525 1120 haud
559 1073 745 1120 laetum
781 1070 989 1120 domino
1024 1070 1120 1119 ruit
1156 1087 1339 1120 omen:
1386 1071 1550 1121 inusta

131 1153 439 1217 temporibus
474 1154 611 1202 nuda
645 1169 758 1201 aera
793 1153 993 1217 sedena
1022 1151 1309 1215 circumque
1345 1152 1512 1202 sonori

131 1232 313 1283 vertice
348 1249 582 1296 percusso
618 1234 883 1282 volvuntur
916 1231 969 1280 in
1003 1249 1140 1281 arma
1175 1234 1402 1282 molares.

133 1314 231 1363 iam
267 1331 411 1363 cruor
445 1313 497 1362 in
531 1315 684 1378 galea,
721 1313 820 1362 iam
857 1313 1024 1363 saucia
1058 1313 1240 1377 proluit
1274 1322 1378 1363 ater

133 1405 335 1461 pectora
369 1396 637 1460 permixtus
680 1397 860 1445 sudore
897 1405 946 1445 et
981 1395 1220 1460 sanguine
1254 1405 1458 1446 torrens.

133 1477 331 1542 respicit
367 1476 608 1527 hortantis
644 1476 806 1526 socios
842 1486 891 1526 et
927 1478 1130 1527 Pallada
1165 1478 1266 1527 fida
1282 1495 1332 1537 n,

133 1559 327 1623 longius
364 1558 593 1623 opposita
628 1560 874 1608 celantem
909 1558 1099 1608 lumina
1132 1576 1338 1623 parma:

134 1639 237 1689 ibat
272 1639 407 1689 enim
443 1657 679 1703 magnum
714 1639 927 1689 lacrimis
963 1639 1215 1689 inflectere
1249 1649 1454 1704 patrem.

203 1723 337 1770 Ecce
373 1730 507 1770 secat
542 1723 792 1785 Zephyros
828 1721 1080 1785 ingentem
1116 1721 1330 1770 fraxinus
1366 1721 1488 1770 iram

133 1803 483 1865 fortunamque
518 1803 679 1851 ferens
696 1820 710 1862 3
757 1801 842 1851 teli
877 1819 979 1851 non
1016 1802 1201 1851 eminet
1235 1811 1440 1852 auctor:

133 1881 396 1931 Astacides
434 1882 753 1946 Melanippus
789 1891 906 1944 erat,
945 1899 1039 1932 nec
1065 1883 1292 1946 prodidit
1326 1883 1447 1947 ipse,

134 1971 183 2012 et
218 1964 365 2012 vellet
401 1962 600 2012 latuisse
637 1980 856 2024 manum,
895 1965 984 2013 sed
1019 1963 1200 2027 gaudia
1233 1972 1423 2013 turmae

136 2045 478 2093 monstrabant
513 2044 794 2109 trepidum5
839 2063 957 2094 nam
999 2047 1153 2095 flexus
1189 2045 1242 2094 in
1276 2045 1359 2094 ilia
1394 2046 1596 2110 Tydeus

136 2125 438 2175 submissum
474 2128 601 2175 latus
637 2135 687 2175 et
722 2126 869 2191 clipei
903 2129 1148 2176 laxaverat
1183 2127 1370 2177 orbem.

135 2209 402 2256 clamorem
438 2207 591 2256 Aonii
626 2208 837 2257 miscent
871 2207 1212 2272 gemitumque
1253 2207 1460 2272 Pelasgi,

135 2288 488 2352 obiectantque
524 2306 700 2338 manus
737 2289 1180 2354 indignantemque
1216 2298 1428 2339 tuentur.

133 2367 216 2418 ille
251 2386 339 2433 per
375 2370 632 2433 oppositos
668 2372 816 2434 longe
852 2370 1056 2420 rimatus
1090 2388 1315 2420 amarum

135 2450 422 2512 Astaciden,
462 2451 577 2500 totis
612 2451 809 2502 animae
846 2469 899 2502 se
932 2452 1064 2515 cogit
1099 2451 1151 2500 in
1186 2452 1339 2513 ictum

135 2531 353 2596 reliquiis
389 2534 644 2596 telumque
680 2533 808 2594 iacit,
846 2535 984 2597 quod
1019 2533 1272 2598 proximus
1310 2535 1541 2598 Hopleus

189 2661 272 2712 698
301 2661 558 2712 hippodatae
594 2661 639 2700 P
953 2675 1031 2713 702
1059 2667 1220 2701 vovent
1239 2663 1459 2714 (suprascr.
1490 2661 1715 2713 †movent)
1737 2632 1805 2714 Q).

135 2721 288 2755 notant
305 2715 348 2754 A
507 2728 585 2765 703
615 2716 736 2766 pellit
753 2716 886 2756 Barth
1042 2729 1120 2767 704
1149 2717 1338 2756 constitit
1354 2717 1398 2755 P
1537 2723 1616 2767 70⁴7
1645 2717 1765 2768 quip·
1784 2744 1800 2767 ·.

134 2769 260 2819 BNQ
405 2770 574 2822 torvae]
594 2770 775 2810 Aetolae
795 2770 1000 2810 Heinsius
1165 2772 1246 2821 708
1274 2771 1407 2810 inulta
1433 2770 1477 2810 P

1719 1250 1788 1296 7Ῑ

1644 1632 1647 1635 ,
1722 1657 1794 1710 μ’
1878 1615 1881 1698 3

1722 2468 1769 2515 72
1790 2428 1821 2485 s

134 2825 317 2864 ardent?
472 2835 550 2874 715
580 2838 735 2875 magnu
755 2823 798 2863 P
896 2840 902 2844 ·
935 2827 1014 2876 718
1044 2825 1314 2877 Melanippus
1335 2825 1509 2866 Menke:
1537 2826 1788 2878 ωεηαὶἰρρ

136 2877 248 2918 codd.
419 2891 499 2931 719
529 2879 624 2931 sed]
647 2886 691 2918 et
709 2879 753 2917 P
914 2893 991 2930 722
1019 2880 1118 2919 aoni
1136 2879 1180 2918 P
1341 2892 1529 2931 723-724
1557 2884 1712 2934 transp.
1751 2884 1764 2896 '
