1884 3204
902 124 946 171 T
951 123 1313 173 HEBAIDOS
1351 125 1566 173 LIBER
1602 128 1675 174 IV

30 258 311 326 qbnubiisve
346 261 556 319 modus;
601 275 809 322 quercus
844 258 1065 322 laurique
1100 260 1322 308 ferebant

113 342 177 390 da
210 339 476 403 puerperia,
514 355 572 387 ac
607 341 817 402 populos
853 339 1086 387 umbrosa
1121 339 1300 388 creavit
1597 348 1675 387 280

25 353 237 483 gxinus
273 427 322 468 et
356 420 454 467 feta
488 418 655 467 viridis
690 435 812 482 puer
846 411 1026 467 excidit
1061 435 1197 467 orno.

24 499 79 566 ξι
111 499 232 548 lucis
268 498 512 562 stupuisse
547 499 678 548 vices
714 498 973 561 noctisque
1008 499 1228 547 feruntur

24 578 193 635 nubila
228 588 276 628 et
311 579 577 628 occiduum
612 581 757 642 longe
792 578 972 626 Titana
1007 578 1162 626 secuti

20 645 308 723 ‘desperasse
343 658 490 708 diem
562 668 811 708 rarescunt
845 661 943 707 alta
977 658 1167 708 colonis

18 729 272 812 Maenala,
308 739 625 788 Parthenium
660 739 841 803 fugitur
875 755 1064 800 nemus,
1101 739 1298 802 agmina
1334 740 1465 789 bello
1600 748 1678 799 285

14 815 46 856 ‘s
74 819 288 883 hipeque
323 829 371 868 et
406 819 582 869 Stratie
616 829 919 882 ventosaque
954 821 1108 868 donat
1145 820 1343 884 Enispe.

13 886 125 949 [non
160 902 339 963 Tegea,
379 917 482 949 non
517 900 624 963 ipsa
659 901 755 949 deo
790 909 931 948 vacat
966 899 1080 948 alite
1115 899 1229 949 felix

23 980 227 1044 Cyllene
262 983 601 1044 templumque
636 982 790 1030 Aleae
824 983 1074 1030 nemorale
1110 980 1365 1030 Minervae

22 1068 71 1110 et
105 1060 304 1124 rapidus
341 1061 497 1111 Clitor
531 1071 579 1111 et
615 1061 700 1124 qui
735 1060 839 1122 tibi,
879 1061 1071 1124 Pythie,
1099 1063 1276 1110 Ladon

21 1155 180 1204 paene
216 1158 354 1190 socer
388 1143 706 1205 candensque
740 1141 864 1205 iugis
901 1141 1108 1205 Lampia
1142 1142 1325 1191 nivosis
1598 1161 1680 1203 290

23 1229 73 1269 et
108 1222 336 1270 Pheneos
371 1222 510 1285 nigro
546 1224 692 1285 Styga
727 1222 919 1271 mittere
955 1222 1140 1271 credita
1176 1223 1293 1271 Diti.

12 1300 156 1359 jvenit
191 1310 240 1350 et
277 1301 439 1351 Idaeis
475 1302 742 1351 ululatibus
777 1305 999 1351 aemulus
1036 1305 1172 1351 Azan

14 1381 363 1445 {Parrhasiique
398 1384 565 1442 duces,
603 1392 652 1431 et
687 1399 815 1445 quae
849 1382 1032 1442 risistis‚
1071 1385 1295 1443 Amores,

22 1470 157 1524 grata
190 1463 469 1525 pharetrato
505 1462 755 1511 Nonacria
789 1479 899 1510 rura
933 1463 1165 1523 Tonanti,

13 1541 160 1600 {dives
195 1551 243 1591 et
278 1543 622 1592 Orchomenos
656 1559 891 1606 pecorum
927 1551 975 1591 et
1012 1544 1267 1605 Cynosura
1301 1545 1524 1592 ferarum.
1601 1565 1678 1605 295

13 1622 257 1687 [Aegytios
292 1622 426 1672 idem
460 1624 606 1672 ardor
638 1639 779 1686 agros
815 1623 1168 1686 Psophidaque
1200 1627 1381 1673 celsam

15 1712 181 1753 vastat
215 1712 264 1752 et
300 1706 552 1753 Herculeo
587 1705 809 1766 vulgatos
844 1703 1021 1753 robore
1057 1704 1239 1753 montis

24 1783 488 1848 monstriferumque
525 1785 866 1847 Erymanthon
903 1793 952 1833 et
987 1784 1266 1834 aeriSOnum
1303 1786 1642 1849 Stymphalon.

24 1865 244 1913 Arcades
279 1864 344 1924 hi,
381 1881 501 1928 gens
536 1881 635 1912 una
668 1863 795 1923 viris,
835 1865 923 1912 sed
958 1864 1160 1913 dissona
1194 1867 1330 1914 cultu

26 1933 291 1994 scinditur:
337 1945 390 1992 hi
425 1944 637 2008 Paphias
672 1954 855 2007 myrtos
890 1961 920 1992 a
955 1944 1103 2008 stirpe
1138 1955 1395 1994 recurvant
1599 1964 1679 2004 300

14 2019 75 2075 'et
109 2025 339 2089 pastorali
374 2025 673 2074 meditantur
707 2024 892 2088 proelia
926 2034 1116 2085 trunco,

14 2101 101 2169 'hjs
136 2123 291 2167 arcus,
329 2106 405 2155 his
440 2109 537 2167 tela
571 2107 732 2164 sudes,
771 2105 847 2154 his
883 2105 1075 2154 cassida
1110 2106 1255 2155 crinis

25 2186 211 2250 integit,
249 2187 450 2236 Arcadii
486 2203 673 2236 morem
710 2195 845 2235 tenet
879 2186 960 2235 ille
995 2187 1157 2250 galeri,

26 2267 107 2317 ille
143 2268 422 2331 Lycaoniae
457 2267 581 2316 rictu
617 2276 765 2330 caput
798 2276 991 2330 asperat
1020 2285 1174 2317 ursae.

17 2348 21 2356 ’
95 2352 208 2398 Hos
243 2348 360 2398 belli
396 2358 567 2398 coetus
601 2348 855 2410 iurataque
890 2357 1090 2411 pectora
1126 2349 1275 2397 Marti
1486 2382 1490 2387 -
1598 2370 1679 2411 305

27 2429 180 2479 milite
213 2429 404 2479 vicinae
439 2431 576 2479 nullo
610 2428 774 2478 iuvere
812 2431 1088 2492 Mycenae3

80 2571 162 2609 279
171 2547 434 2598 conubiisve
453 2557 536 2597 ΡΙ)
556 2558 832 2597 Lachmann.
865 2558 1140 2609 conubiisque
1158 2558 1393 2611 BQNJKS
1408 2559 1442 2612 3]
1602 2561 1683 2599 280

27 2624 146 2653 crura
164 2613 207 2652 P
378 2614 459 2651 288
486 2613 606 2652 aleae
626 2611 668 2649 P
682 2611 781 2652 Ald.
806 2627 815 2650 :
842 2612 952 2651 altae
974 2614 1095 2666 (alte)
1116 2612 1185 2652 ωδ
1362 2614 1444 2662 289
1471 2613 1596 2652 clitor
1615 2613 1679 2653 P:

27 2665 157 2710 cliton
186 2671 269 2707 cett.
391 2680 467 2718 291
500 2668 646 2706 feneos
667 2667 714 2717 (p
733 2672 826 2717 sup.
848 2665 870 2704 f
882 2666 999 2719 add.)
1021 2666 1091 2706 P:
1120 2680 1281 2717 peneos
1294 2667 1477 2719 plerique
1593 2669 1683 2717 >296

27 2718 876 2827 ῗᾶξῖἔξοῗεέῗὲἶέἶνἑρῖῗὲξζρέιὲἰᾳῗε
920 2720 1282 2825 Αιὲξὲᾇὲῗὲεςῗὲ
1263 2775 1328 2814 Ρ
1319 2722 1683 2826 etpssohssffssssassg

28 2826 99 2870 D·
128 2829 400 2880 Sophidaque
421 2829 849 2880 DQN:Sop1daque
870 2830 923 2869 K
1067 2831 1148 2880 298
1177 2835 1220 2868 et
1242 2843 1325 2869 om.
1345 2829 1393 2869 N
1406 2831 1537 2882 spatto
1555 2831 1684 2871 relzcto

83 2896 108 2924 2
137 2883 299 2924 casside
319 2883 486 2935 QNDA
514 2885 612 2937 (quo
633 2888 780 2936 recepto
798 2883 867 2923 hic
879 2890 959 2936 pro
977 2884 1045 2923 his
1064 2883 1151 2925 edd.
1172 2886 1284 2937 vett.)
