<?xml version="1.0" encoding="UTF-8"?>
<!DOCTYPE html PUBLIC "-//W3C//DTD XHTML 1.0 Transitional//EN"
    "http://www.w3.org/TR/xhtml1/DTD/xhtml1-transitional.dtd">
<html xmlns="http://www.w3.org/1999/xhtml" xml:lang="en" lang="en">
 <head>
  <title>
</title>
<meta http-equiv="Content-Type" content="text/html;charset=utf-8" />
  <meta name='ocr-system' content='tesseract 3.04.00' />
  <meta name='ocr-capabilities' content='ocr_page ocr_carea ocr_par ocr_line ocrx_word'/>
</head>
<body>
  <div class='ocr_page' id='page_1' title='image "./thebaisetachille00statuoft_0314.png"; bbox 0 0 1884 3204; ppageno 0'>
   <div class='ocr_carea' id='block_1_1' title="bbox 147 3 727 60">
    <p class='ocr_par' dir='ltr' id='par_1_1' title="bbox 147 3 727 60">
     <span class='ocr_line' id='line_1_1' title="bbox 147 3 727 60; baseline 0.003 -2"><span class='ocrx_word' id='word_1_1' title='bbox 147 10 202 58; x_wconf 58' lang='lat' dir='ltr'>P».</span> <span class='ocrx_word' id='word_1_2' title='bbox 242 11 485 59; x_wconf 88' lang='lat' dir='ltr'><strong>PAPINI</strong></span> <span class='ocrx_word' id='word_1_3' title='bbox 521 3 727 60; x_wconf 93' lang='lat' dir='ltr'>STATI</span> 
     </span>
    </p>
   </div>
   <div class='ocr_carea' id='block_1_2' title="bbox 141 139 1875 2486">
    <p class='ocr_par' dir='ltr' id='par_1_2' title="bbox 147 139 1469 216">
     <span class='ocr_line' id='line_1_2' title="bbox 147 139 1469 216; baseline 0.003 -19"><span class='ocrx_word' id='word_1_4' title='bbox 147 148 288 197; x_wconf 90' lang='lat' dir='ltr'>deest-</span> <span class='ocrx_word' id='word_1_5' title='bbox 322 147 413 198; x_wconf 89' lang='lat' dir='ltr'>tibi</span> <span class='ocrx_word' id='word_1_6' title='bbox 448 139 645 198; x_wconf 87' lang='lat' dir='ltr'>servitio</span> <span class='ocrx_word' id='word_1_7' title='bbox 680 148 880 212; x_wconf 87' lang='lat' dir='ltr'>plebes:</span> <span class='ocrx_word' id='word_1_8' title='bbox 930 149 1023 199; x_wconf 91' lang='lat' dir='ltr'>hos</span> <span class='ocrx_word' id='word_1_9' title='bbox 1058 148 1183 214; x_wconf 89' lang='lat' dir='ltr'>ignis</span> <span class='ocrx_word' id='word_1_10' title='bbox 1219 141 1439 216; x_wconf 33' lang='lat' dir='ltr'>egentis*</span> <span class='ocrx_word' id='word_1_11' title='bbox 1465 157 1469 162; x_wconf 87' lang='lat'>&#39;</span> 
     </span>
    </p>

    <p class='ocr_par' dir='ltr' id='par_1_3' title="bbox 145 229 1600 295">
     <span class='ocr_line' id='line_1_3' title="bbox 145 229 1600 295; baseline 0.003 -18"><span class='ocrx_word' id='word_1_12' title='bbox 145 230 237 278; x_wconf 91' lang='lat' dir='ltr'>fert</span> <span class='ocrx_word' id='word_1_13' title='bbox 272 231 467 291; x_wconf 89' lang='lat' dir='ltr'>humus,</span> <span class='ocrx_word' id='word_1_14' title='bbox 506 231 598 279; x_wconf 93' lang='lat' dir='ltr'>hos</span> <span class='ocrx_word' id='word_1_15' title='bbox 634 232 809 294; x_wconf 85' lang='lat' dir='ltr'>pelago</span> <span class='ocrx_word' id='word_1_16' title='bbox 844 231 1027 295; x_wconf 91' lang='lat' dir='ltr'>patrius</span> <span class='ocrx_word' id='word_1_17' title='bbox 1062 231 1161 280; x_wconf 89' lang='lat' dir='ltr'>iam</span> <span class='ocrx_word' id='word_1_18' title='bbox 1197 232 1373 281; x_wconf 87' lang='lat' dir='ltr'>detulit</span> <span class='ocrx_word' id='word_1_19' title='bbox 1407 229 1600 292; x_wconf 68' lang='lat' dir='ltr'>amnis}</span> 
     </span>
    </p>

    <p class='ocr_par' dir='ltr' id='par_1_4' title="bbox 145 303 1402 380">
     <span class='ocr_line' id='line_1_4' title="bbox 145 303 1402 380; baseline 0.002 -21"><span class='ocrx_word' id='word_1_20' title='bbox 145 310 197 359; x_wconf 92' lang='lat' dir='ltr'>hi</span> <span class='ocrx_word' id='word_1_21' title='bbox 232 320 476 374; x_wconf 90' lang='lat' dir='ltr'>quaerunt</span> <span class='ocrx_word' id='word_1_22' title='bbox 504 320 656 371; x_wconf 84' lang='lat' dir='ltr'>artus,</span> <span class='ocrx_word' id='word_1_23' title='bbox 693 311 763 359; x_wconf 90' lang='lat' dir='ltr'>illi</span> <span class='ocrx_word' id='word_1_24' title='bbox 796 312 942 380; x_wconf 85' lang='lat' dir='ltr'>anxia</span> <span class='ocrx_word' id='word_1_25' title='bbox 975 303 1196 361; x_wconf 75' lang='lat' dir='ltr'>vulnera¹</span> <span class='ocrx_word' id='word_1_26' title='bbox 1216 322 1402 362; x_wconf 89' lang='lat' dir='ltr'>curant.</span> 
     </span>
    </p>

    <p class='ocr_par' dir='ltr' id='par_1_5' title="bbox 144 392 1563 458">
     <span class='ocr_line' id='line_1_5' title="bbox 144 392 1563 458; baseline 0.001 -18"><span class='ocrx_word' id='word_1_27' title='bbox 144 394 298 441; x_wconf 84' lang='lat' dir='ltr'><strong>redde</strong></span> <span class='ocrx_word' id='word_1_28' title='bbox 332 394 547 456; x_wconf 85' lang='lat' dir='ltr'>agedum</span> <span class='ocrx_word' id='word_1_29' title='bbox 583 392 770 442; x_wconf 88' lang='lat' dir='ltr'>miseris</span> <span class='ocrx_word' id='word_1_30' title='bbox 805 393 974 442; x_wconf 87' lang='lat' dir='ltr'>fratres</span> <span class='ocrx_word' id='word_1_31' title='bbox 1010 402 1253 457; x_wconf 89' lang='lat' dir='ltr'>natosque</span> <span class='ocrx_word' id='word_1_32' title='bbox 1287 403 1563 458; x_wconf 90' lang='lat' dir='ltr'>patresque,</span> 
     </span>
    </p>

    <p class='ocr_par' dir='ltr' id='par_1_6' title="bbox 143 473 1854 537">
     <span class='ocr_line' id='line_1_6' title="bbox 143 473 1854 537; baseline -0.001 -15"><span class='ocrx_word' id='word_1_33' title='bbox 143 474 298 522; x_wconf 85' lang='lat' dir='ltr'>redde</span> <span class='ocrx_word' id='word_1_34' title='bbox 321 473 448 522; x_wconf 89' lang='lat' dir='ltr'>arvis</span> <span class='ocrx_word' id='word_1_35' title='bbox 473 473 806 537; x_wconf 88' lang='lat' dir='ltr'>domibusque</span> <span class='ocrx_word' id='word_1_36' title='bbox 830 474 988 523; x_wconf 85' lang='lat' dir='ltr'>viros!</span> <span class='ocrx_word' id='word_1_37' title='bbox 1024 474 1111 523; x_wconf 90' lang='lat' dir='ltr'>ubi</span> <span class='ocrx_word' id='word_1_38' title='bbox 1135 475 1377 524; x_wconf 85' lang='lat' dir='ltr'>maximus</span> <span class='ocrx_word' id='word_1_39' title='bbox 1415 475 1652 537; x_wconf 90' lang='lat' dir='ltr'>Hypseus</span> <span class='ocrx_word' id='word_1_40' title='bbox 1730 480 1813 522; x_wconf 84' lang='lat'>280</span> <span class='ocrx_word' id='word_1_41' title='bbox 1852 479 1854 483; x_wconf 84' lang='lat'>&#39;</span> 
     </span>
    </p>

    <p class='ocr_par' dir='ltr' id='par_1_7' title="bbox 143 554 1552 618">
     <span class='ocr_line' id='line_1_7' title="bbox 143 554 1552 618; baseline 0.001 -16"><span class='ocrx_word' id='word_1_42' title='bbox 143 554 483 617; x_wconf 87' lang='lat' dir='ltr'>finitimusque</span> <span class='ocrx_word' id='word_1_43' title='bbox 520 557 718 618; x_wconf 81' lang='lat' dir='ltr'>Dryas?</span> <span class='ocrx_word' id='word_1_44' title='bbox 764 554 851 604; x_wconf 92' lang='lat' dir='ltr'>ubi</span> <span class='ocrx_word' id='word_1_45' title='bbox 887 555 1137 604; x_wconf 89' lang='lat' dir='ltr'>Ph0cidos</span> <span class='ocrx_word' id='word_1_46' title='bbox 1171 571 1308 604; x_wconf 89' lang='lat' dir='ltr'>arma</span> <span class='ocrx_word' id='word_1_47' title='bbox 1343 572 1552 605; x_wconf 89' lang='lat' dir='ltr'>sonorae</span> 
     </span>
    </p>

    <p class='ocr_par' dir='ltr' id='par_1_8' title="bbox 144 634 1426 699">
     <span class='ocr_line' id='line_1_8' title="bbox 144 634 1426 699; baseline 0.001 -16"><span class='ocrx_word' id='word_1_48' title='bbox 144 634 458 699; x_wconf 89' lang='lat' dir='ltr'>Euboicique</span> <span class='ocrx_word' id='word_1_49' title='bbox 493 636 687 685; x_wconf 86' lang='lat' dir='ltr'>duces?</span> <span class='ocrx_word' id='word_1_50' title='bbox 731 635 857 684; x_wconf 89' lang='lat' dir='ltr'>illos.</span> <span class='ocrx_word' id='word_1_51' title='bbox 877 645 1045 684; x_wconf 91' lang='lat' dir='ltr'>tamen</span> <span class='ocrx_word' id='word_1_52' title='bbox 1078 652 1238 699; x_wconf 88' lang='lat' dir='ltr'>aequa</span> <span class='ocrx_word' id='word_1_53' title='bbox 1273 635 1426 686; x_wconf 87' lang='lat' dir='ltr'>duelli</span> 
     </span>
    </p>

    <p class='ocr_par' dir='ltr' id='par_1_9' title="bbox 143 715 1511 780">
     <span class='ocr_line' id='line_1_9' title="bbox 143 715 1511 780; baseline 0 -16"><span class='ocrx_word' id='word_1_54' title='bbox 143 718 242 765; x_wconf 86' lang='lat' dir='ltr'>fors</span> <span class='ocrx_word' id='word_1_55' title='bbox 277 716 388 765; x_wconf 88' lang='lat' dir='ltr'>tulit</span> <span class='ocrx_word' id='word_1_56' title='bbox 421 718 487 765; x_wconf 86' lang='lat' dir='ltr'>ad</span> <span class='ocrx_word' id='word_1_57' title='bbox 525 715 724 765; x_wconf 87' lang='lat' dir='ltr'>Manis:</span> <span class='ocrx_word' id='word_1_58' title='bbox 765 725 816 764; x_wconf 88' lang='lat' dir='ltr'>at</span> <span class='ocrx_word' id='word_1_59' title='bbox 850 724 918 775; x_wconf 93' lang='lat' dir='ltr'>tu,</span> <span class='ocrx_word' id='word_1_60' title='bbox 956 717 1124 778; x_wconf 89' lang='lat' dir='ltr'>pudet,</span> <span class='ocrx_word' id='word_1_61' title='bbox 1163 717 1325 765; x_wconf 89' lang='lat' dir='ltr'>hostia</span> <span class='ocrx_word' id='word_1_62' title='bbox 1358 716 1511 780; x_wconf 89' lang='lat' dir='ltr'>regni,</span> 
     </span>
    </p>

    <p class='ocr_par' dir='ltr' id='par_1_10' title="bbox 143 796 1576 861">
     <span class='ocr_line' id='line_1_10' title="bbox 143 796 1576 861; baseline 0 -15"><span class='ocrx_word' id='word_1_63' title='bbox 143 797 318 857; x_wconf 89' lang='lat' dir='ltr'>hostia,</span> <span class='ocrx_word' id='word_1_64' title='bbox 357 806 485 856; x_wconf 92' lang='lat' dir='ltr'>nate,</span> <span class='ocrx_word' id='word_1_65' title='bbox 524 796 667 856; x_wconf 90' lang='lat' dir='ltr'>iaces,</span> <span class='ocrx_word' id='word_1_66' title='bbox 707 813 799 845; x_wconf 93' lang='lat' dir='ltr'>ceu</span> <span class='ocrx_word' id='word_1_67' title='bbox 835 805 1002 844; x_wconf 90' lang='lat' dir='ltr'>mutus</span> <span class='ocrx_word' id='word_1_68' title='bbox 1038 805 1087 845; x_wconf 91' lang='lat' dir='ltr'>et</span> <span class='ocrx_word' id='word_1_69' title='bbox 1123 814 1151 846; x_wconf 92' lang='lat' dir='ltr'>e</span> <span class='ocrx_word' id='word_1_70' title='bbox 1185 813 1329 860; x_wconf 87' lang='lat' dir='ltr'>grege</span> <span class='ocrx_word' id='word_1_71' title='bbox 1365 796 1576 861; x_wconf 90' lang='lat' dir='ltr'>sanguis,</span> 
     </span>
    </p>

    <p class='ocr_par' dir='ltr' id='par_1_11' title="bbox 143 876 1811 940">
     <span class='ocr_line' id='line_1_11' title="bbox 143 876 1811 940; baseline -0.001 -13"><span class='ocrx_word' id='word_1_72' title='bbox 143 878 189 927; x_wconf 92' lang='lat' dir='ltr'>ei</span> <span class='ocrx_word' id='word_1_73' title='bbox 236 877 387 925; x_wconf 77' lang='lat' dir='ltr'>mihi!</span> <span class='ocrx_word' id='word_1_74' title='bbox 435 876 661 940; x_wconf 91' lang='lat' dir='ltr'>primitiis</span> <span class='ocrx_word' id='word_1_75' title='bbox 696 893 890 925; x_wconf 88' lang='lat' dir='ltr'>ararum</span> <span class='ocrx_word' id='word_1_76' title='bbox 925 885 975 926; x_wconf 91' lang='lat' dir='ltr'>et</span> <span class='ocrx_word' id='word_1_77' title='bbox 1010 876 1100 925; x_wconf 91' lang='lat' dir='ltr'>rite</span> <span class='ocrx_word' id='word_1_78' title='bbox 1135 879 1329 927; x_wconf 89' lang='lat' dir='ltr'>nefasto</span> <span class='ocrx_word' id='word_1_79' title='bbox 1732 887 1811 939; x_wconf 82' lang='lat'>²85</span> 
     </span>
    </p>

    <p class='ocr_par' dir='ltr' id='par_1_12' title="bbox 142 957 1417 1021">
     <span class='ocr_line' id='line_1_12' title="bbox 142 957 1417 1021; baseline 0.001 -15"><span class='ocrx_word' id='word_1_80' title='bbox 142 959 323 1008; x_wconf 90' lang='lat' dir='ltr'>libatus</span> <span class='ocrx_word' id='word_1_81' title='bbox 358 958 619 1021; x_wconf 90' lang='lat' dir='ltr'>iussusque</span> <span class='ocrx_word' id='word_1_82' title='bbox 654 957 809 1007; x_wconf 90' lang='lat' dir='ltr'>mori:</span> <span class='ocrx_word' id='word_1_83' title='bbox 858 966 907 1007; x_wconf 93' lang='lat' dir='ltr'>et</span> <span class='ocrx_word' id='word_1_84' title='bbox 942 957 1256 1007; x_wconf 86' lang='lat' dir='ltr'>cunctabitur</span> <span class='ocrx_word' id='word_1_85' title='bbox 1289 961 1417 1008; x_wconf 89' lang='lat' dir='ltr'>ultra</span> 
     </span>
    </p>

    <p class='ocr_par' dir='ltr' id='par_1_13' title="bbox 141 1039 1472 1090">
     <span class='ocr_line' id='line_1_13' title="bbox 141 1039 1472 1090; baseline 0.002 -3"><span class='ocrx_word' id='word_1_86' title='bbox 141 1039 273 1089; x_wconf 83' lang='lat' dir='ltr'>iste?</span> <span class='ocrx_word' id='word_1_87' title='bbox 319 1056 412 1088; x_wconf 90' lang='lat' dir='ltr'>nec</span> <span class='ocrx_word' id='word_1_88' title='bbox 446 1040 655 1089; x_wconf 90' lang='lat' dir='ltr'>adverso</span> <span class='ocrx_word' id='word_1_89' title='bbox 690 1056 825 1088; x_wconf 92' lang='lat' dir='ltr'>nunc</span> <span class='ocrx_word' id='word_1_90' title='bbox 860 1040 1034 1088; x_wconf 89' lang='lat' dir='ltr'>saltem</span> <span class='ocrx_word' id='word_1_91' title='bbox 1072 1040 1234 1089; x_wconf 89' lang='lat' dir='ltr'>Marte</span> <span class='ocrx_word' id='word_1_92' title='bbox 1268 1050 1472 1090; x_wconf 87' lang='lat' dir='ltr'>vocatus</span> 
     </span>
    </p>

    <p class='ocr_par' dir='ltr' id='par_1_14' title="bbox 143 1120 1489 1185">
     <span class='ocr_line' id='line_1_14' title="bbox 143 1120 1489 1185; baseline 0.001 -15"><span class='ocrx_word' id='word_1_93' title='bbox 143 1121 331 1170; x_wconf 85' lang='lat' dir='ltr'>stabit?</span> <span class='ocrx_word' id='word_1_94' title='bbox 376 1137 441 1169; x_wconf 90' lang='lat' dir='ltr'>an</span> <span class='ocrx_word' id='word_1_95' title='bbox 477 1120 529 1169; x_wconf 90' lang='lat' dir='ltr'>in</span> <span class='ocrx_word' id='word_1_96' title='bbox 565 1137 755 1185; x_wconf 89' lang='lat' dir='ltr'>pugnas</span> <span class='ocrx_word' id='word_1_97' title='bbox 790 1120 943 1169; x_wconf 89' lang='lat' dir='ltr'>alium</span> <span class='ocrx_word' id='word_1_98' title='bbox 978 1120 1116 1170; x_wconf 90' lang='lat' dir='ltr'>iubet</span> <span class='ocrx_word' id='word_1_99' title='bbox 1150 1120 1219 1171; x_wconf 91' lang='lat' dir='ltr'>ire</span> <span class='ocrx_word' id='word_1_100' title='bbox 1254 1124 1489 1185; x_wconf 80' lang='lat' dir='ltr'>profanus</span> 
     </span>
    </p>

    <p class='ocr_par' dir='ltr' id='par_1_15' title="bbox 142 1201 1317 1266">
     <span class='ocr_line' id='line_1_15' title="bbox 142 1201 1317 1266; baseline 0.001 -15"><span class='ocrx_word' id='word_1_101' title='bbox 142 1202 395 1251; x_wconf 82' lang='lat' dir='ltr'>Tiresias?</span> <span class='ocrx_word' id='word_1_102' title='bbox 441 1201 719 1266; x_wconf 89' lang='lat' dir='ltr'>iterumque</span> <span class='ocrx_word' id='word_1_103' title='bbox 756 1219 895 1251; x_wconf 91' lang='lat' dir='ltr'>meos</span> <span class='ocrx_word' id='word_1_104' title='bbox 931 1204 1130 1251; x_wconf 89' lang='lat' dir='ltr'>oracula</span> <span class='ocrx_word' id='word_1_105' title='bbox 1163 1203 1317 1252; x_wconf 90' lang='lat' dir='ltr'>nectit</span> 
     </span>
    </p>

    <p class='ocr_par' dir='ltr' id='par_1_16' title="bbox 141 1282 1869 1348">
     <span class='ocr_line' id='line_1_16' title="bbox 141 1282 1869 1348; baseline -0.001 -16"><span class='ocrx_word' id='word_1_106' title='bbox 141 1284 192 1332; x_wconf 89' lang='lat' dir='ltr'>in</span> <span class='ocrx_word' id='word_1_107' title='bbox 217 1283 428 1348; x_wconf 87' lang='lat' dir='ltr'>gemitus</span> <span class='ocrx_word' id='word_1_108' title='bbox 450 1285 471 1332; x_wconf 86' lang='lat'>?</span> <span class='ocrx_word' id='word_1_109' title='bbox 506 1283 628 1347; x_wconf 90' lang='lat' dir='ltr'>quid</span> <span class='ocrx_word' id='word_1_110' title='bbox 651 1283 784 1333; x_wconf 90' lang='lat' dir='ltr'>enim</span> <span class='ocrx_word' id='word_1_111' title='bbox 811 1282 990 1332; x_wconf 88' lang='lat' dir='ltr'>misero</span> <span class='ocrx_word' id='word_1_112' title='bbox 1015 1300 1161 1348; x_wconf 91' lang='lat' dir='ltr'>super</span> <span class='ocrx_word' id='word_1_113' title='bbox 1184 1284 1360 1334; x_wconf 89' lang='lat' dir='ltr'>unicus</span> <span class='ocrx_word' id='word_1_114' title='bbox 1386 1285 1660 1333; x_wconf 82' lang='lat' dir='ltr'>Haemon?</span> <span class='ocrx_word' id='word_1_115' title='bbox 1733 1304 1812 1346; x_wconf 87' lang='lat'>290</span> <span class='ocrx_word' id='word_1_116' title='bbox 1866 1291 1869 1330; x_wconf 79' lang='grc' dir='ltr'>ζ</span> 
     </span>
    </p>

    <p class='ocr_par' dir='ltr' id='par_1_17' title="bbox 141 1364 1462 1429">
     <span class='ocr_line' id='line_1_17' title="bbox 141 1364 1462 1429; baseline 0 -15"><span class='ocrx_word' id='word_1_117' title='bbox 141 1365 223 1415; x_wconf 93' lang='lat' dir='ltr'>ille</span> <span class='ocrx_word' id='word_1_118' title='bbox 258 1365 374 1415; x_wconf 92' lang='lat' dir='ltr'>iube</span> <span class='ocrx_word' id='word_1_119' title='bbox 411 1366 599 1425; x_wconf 88' lang='lat' dir='ltr'>subeat,</span> <span class='ocrx_word' id='word_1_120' title='bbox 638 1374 793 1428; x_wconf 91' lang='lat' dir='ltr'>tuque</span> <span class='ocrx_word' id='word_1_121' title='bbox 829 1364 946 1413; x_wconf 90' lang='lat' dir='ltr'>hinc</span> <span class='ocrx_word' id='word_1_122' title='bbox 982 1374 1229 1429; x_wconf 88' lang='lat' dir='ltr'>spectator</span> <span class='ocrx_word' id='word_1_123' title='bbox 1262 1365 1328 1414; x_wconf 88' lang='lat' dir='ltr'>ab</span> <span class='ocrx_word' id='word_1_124' title='bbox 1362 1367 1462 1414; x_wconf 86' lang='lat' dir='ltr'>alta</span> 
     </span>
    </p>

    <p class='ocr_par' dir='ltr' id='par_1_18' title="bbox 141 1446 1680 1510">
     <span class='ocr_line' id='line_1_18' title="bbox 141 1446 1680 1510; baseline -0.001 -15"><span class='ocrx_word' id='word_1_125' title='bbox 141 1456 272 1496; x_wconf 93' lang='lat' dir='ltr'>turre</span> <span class='ocrx_word' id='word_1_126' title='bbox 307 1449 439 1496; x_wconf 88' lang='lat' dir='ltr'>sede.</span> <span class='ocrx_word' id='word_1_127' title='bbox 512 1446 634 1509; x_wconf 93' lang='lat' dir='ltr'>quid</span> <span class='ocrx_word' id='word_1_128' title='bbox 670 1463 815 1495; x_wconf 90' lang='lat' dir='ltr'>saeva</span> <span class='ocrx_word' id='word_1_129' title='bbox 849 1446 1014 1495; x_wconf 90' lang='lat' dir='ltr'>fremis</span> <span class='ocrx_word' id='word_1_130' title='bbox 1050 1448 1387 1510; x_wconf 85' lang='lat' dir='ltr'>famulamque</span> <span class='ocrx_word' id='word_1_131' title='bbox 1422 1447 1680 1496; x_wconf 89' lang='lat' dir='ltr'>cohortem</span> 
     </span>
    </p>

    <p class='ocr_par' dir='ltr' id='par_1_19' title="bbox 141 1522 1540 1592">
     <span class='ocr_line' id='line_1_19' title="bbox 141 1522 1540 1592; baseline -0.001 -15"><span class='ocrx_word' id='word_1_132' title='bbox 141 1531 429 1592; x_wconf 88' lang='lat' dir='ltr'>respectas?</span> <span class='ocrx_word' id='word_1_133' title='bbox 475 1527 527 1576; x_wconf 91' lang='lat' dir='ltr'>hi</span> <span class='ocrx_word' id='word_1_134' title='bbox 562 1537 611 1576; x_wconf 90' lang='lat' dir='ltr'>te</span> <span class='ocrx_word' id='word_1_135' title='bbox 645 1527 715 1576; x_wconf 92' lang='lat' dir='ltr'>ire</span> <span class='ocrx_word' id='word_1_136' title='bbox 750 1529 940 1589; x_wconf 89' lang='lat' dir='ltr'>volunt,</span> <span class='ocrx_word' id='word_1_137' title='bbox 975 1527 1027 1576; x_wconf 91' lang='lat' dir='ltr'>hi</span> <span class='ocrx_word' id='word_1_138' title='bbox 1063 1522 1280 1592; x_wconf 86' lang='lat' dir='ltr'>pendere</span> <span class='ocrx_word' id='word_1_139' title='bbox 1322 1545 1509 1592; x_wconf 86' lang='lat' dir='ltr'>poenas</span> <span class='ocrx_word' id='word_1_140' title='bbox 1526 1546 1540 1589; x_wconf 83' lang='lat'>3</span> 
     </span>
    </p>

    <p class='ocr_par' dir='ltr' id='par_1_20' title="bbox 141 1608 1387 1674">
     <span class='ocr_line' id='line_1_20' title="bbox 141 1608 1387 1674; baseline -0.002 -15"><span class='ocrx_word' id='word_1_141' title='bbox 141 1610 249 1674; x_wconf 88' lang='lat' dir='ltr'>ipsa</span> <span class='ocrx_word' id='word_1_142' title='bbox 284 1610 433 1659; x_wconf 91' lang='lat' dir='ltr'>etiam</span> <span class='ocrx_word' id='word_1_143' title='bbox 467 1609 687 1673; x_wconf 85' lang='lat' dir='ltr'>genetrix</span> <span class='ocrx_word' id='word_1_144' title='bbox 722 1608 959 1672; x_wconf 88' lang='lat' dir='ltr'>ipsaeque</span> <span class='ocrx_word' id='word_1_145' title='bbox 995 1611 1146 1659; x_wconf 91' lang='lat' dir='ltr'>odere</span> <span class='ocrx_word' id='word_1_146' title='bbox 1182 1626 1387 1659; x_wconf 91' lang='lat' dir='ltr'>sorores.</span> 
     </span>
    </p>

    <p class='ocr_par' dir='ltr' id='par_1_21' title="bbox 141 1679 1872 1753">
     <span class='ocr_line' id='line_1_21' title="bbox 141 1689 1811 1753; baseline 0 -13"><span class='ocrx_word' id='word_1_147' title='bbox 141 1692 193 1740; x_wconf 91' lang='lat' dir='ltr'>in</span> <span class='ocrx_word' id='word_1_148' title='bbox 229 1701 277 1740; x_wconf 92' lang='lat' dir='ltr'>te</span> <span class='ocrx_word' id='word_1_149' title='bbox 311 1693 491 1740; x_wconf 88' lang='lat' dir='ltr'>ardens</span> <span class='ocrx_word' id='word_1_150' title='bbox 527 1692 672 1739; x_wconf 87' lang='lat' dir='ltr'>frater</span> <span class='ocrx_word' id='word_1_151' title='bbox 706 1692 889 1739; x_wconf 89' lang='lat' dir='ltr'>ferrum</span> <span class='ocrx_word' id='word_1_152' title='bbox 924 1699 1236 1753; x_wconf 89' lang='lat' dir='ltr'>mortemque</span> <span class='ocrx_word' id='word_1_153' title='bbox 1271 1689 1486 1739; x_wconf 88' lang='lat' dir='ltr'>minatur</span> <span class='ocrx_word' id='word_1_154' title='bbox 1734 1711 1811 1753; x_wconf 86' lang='lat'>295</span> 
     </span>
    </p>

    <p class='ocr_par' dir='ltr' id='par_1_22' title="bbox 142 1770 1587 1917">
     <span class='ocr_line' id='line_1_22' title="bbox 142 1770 1587 1834; baseline -0.001 -14"><span class='ocrx_word' id='word_1_155' title='bbox 142 1788 389 1834; x_wconf 89' lang='lat' dir='ltr'>saevaque</span> <span class='ocrx_word' id='word_1_156' title='bbox 424 1780 676 1834; x_wconf 89' lang='lat' dir='ltr'>portarum</span> <span class='ocrx_word' id='word_1_157' title='bbox 713 1770 947 1820; x_wconf 92' lang='lat' dir='ltr'>convellit</span> <span class='ocrx_word' id='word_1_158' title='bbox 983 1772 1207 1830; x_wconf 88' lang='lat' dir='ltr'>claustra,</span> <span class='ocrx_word' id='word_1_159' title='bbox 1246 1787 1340 1820; x_wconf 92' lang='lat' dir='ltr'>nec</span> <span class='ocrx_word' id='word_1_160' title='bbox 1374 1770 1553 1819; x_wconf 88' lang='lat' dir='ltr'>audis?</span> <span class='ocrx_word' id='word_1_161' title='bbox 1574 1770 1587 1791; x_wconf 90' lang='lat'>’</span> 
     </span>
     <span class='ocr_line' id='line_1_23' title="bbox 210 1851 1521 1917; baseline -0.001 -15"><span class='ocrx_word' id='word_1_162' title='bbox 210 1853 291 1902; x_wconf 90' lang='lat' dir='ltr'>Sic</span> <span class='ocrx_word' id='word_1_163' title='bbox 327 1862 466 1917; x_wconf 91' lang='lat' dir='ltr'>pater</span> <span class='ocrx_word' id='word_1_164' title='bbox 499 1852 801 1912; x_wconf 87' lang='lat' dir='ltr'>infrendens,</span> <span class='ocrx_word' id='word_1_165' title='bbox 840 1851 1117 1916; x_wconf 87' lang='lat' dir='ltr'>miseraque</span> <span class='ocrx_word' id='word_1_166' title='bbox 1153 1862 1405 1902; x_wconf 88' lang='lat' dir='ltr'>exaestuat</span> <span class='ocrx_word' id='word_1_167' title='bbox 1439 1852 1521 1901; x_wconf 90' lang='lat' dir='ltr'>ira.</span> 
     </span>
    </p>

    <p class='ocr_par' dir='ltr' id='par_1_23' title="bbox 142 1933 1587 1983">
     <span class='ocr_line' id='line_1_24' title="bbox 142 1933 1587 1983; baseline 0 -1"><span class='ocrx_word' id='word_1_168' title='bbox 142 1934 224 1983; x_wconf 89' lang='lat' dir='ltr'>ille</span> <span class='ocrx_word' id='word_1_169' title='bbox 259 1934 352 1983; x_wconf 91' lang='lat' dir='ltr'>sub</span> <span class='ocrx_word' id='word_1_170' title='bbox 388 1935 512 1983; x_wconf 90' lang='lat' dir='ltr'>haec</span> <span class='ocrx_word' id='word_1_171' title='bbox 551 1936 699 1983; x_wconf 92' lang='lat' dir='ltr'>‘Non</span> <span class='ocrx_word' id='word_1_172' title='bbox 734 1933 890 1982; x_wconf 89' lang='lat' dir='ltr'>fallis&#39;</span> <span class='ocrx_word' id='word_1_173' title='bbox 927 1933 995 1983; x_wconf 89' lang='lat' dir='ltr'>ait</span> <span class='ocrx_word' id='word_1_174' title='bbox 1035 1939 1159 1983; x_wconf 91' lang='lat' dir='ltr'>‘nec</span> <span class='ocrx_word' id='word_1_175' title='bbox 1195 1943 1244 1983; x_wconf 92' lang='lat' dir='ltr'>te</span> <span class='ocrx_word' id='word_1_176' title='bbox 1280 1933 1449 1983; x_wconf 87' lang='lat' dir='ltr'>inclita</span> <span class='ocrx_word' id='word_1_177' title='bbox 1483 1933 1587 1982; x_wconf 91' lang='lat' dir='ltr'>nati</span> 
     </span>
    </p>

    <p class='ocr_par' dir='ltr' id='par_1_24' title="bbox 142 2015 1639 2079">
     <span class='ocr_line' id='line_1_25' title="bbox 142 2015 1639 2079; baseline 0 -16"><span class='ocrx_word' id='word_1_178' title='bbox 142 2017 242 2063; x_wconf 88' lang='lat' dir='ltr'>fata</span> <span class='ocrx_word' id='word_1_179' title='bbox 278 2025 511 2064; x_wconf 89' lang='lat' dir='ltr'>movent:</span> <span class='ocrx_word' id='word_1_180' title='bbox 559 2032 737 2065; x_wconf 89' lang='lat' dir='ltr'>canere</span> <span class='ocrx_word' id='word_1_181' title='bbox 772 2015 855 2064; x_wconf 90' lang='lat' dir='ltr'>illa</span> <span class='ocrx_word' id='word_1_182' title='bbox 890 2024 1081 2079; x_wconf 88' lang='lat' dir='ltr'>patrem</span> <span class='ocrx_word' id='word_1_183' title='bbox 1117 2024 1166 2064; x_wconf 90' lang='lat' dir='ltr'>et</span> <span class='ocrx_word' id='word_1_184' title='bbox 1200 2015 1381 2064; x_wconf 85' lang='lat' dir='ltr'>iactare</span> <span class='ocrx_word' id='word_1_185' title='bbox 1416 2016 1639 2065; x_wconf 91' lang='lat' dir='ltr'>decebat.</span> 
     </span>
    </p>

    <p class='ocr_par' dir='ltr' id='par_1_25' title="bbox 143 2095 1875 2160">
     <span class='ocr_line' id='line_1_26' title="bbox 143 2095 1875 2160; baseline -0.001 -14"><span class='ocrx_word' id='word_1_186' title='bbox 143 2099 231 2146; x_wconf 90' lang='lat' dir='ltr'>sed</span> <span class='ocrx_word' id='word_1_187' title='bbox 268 2114 380 2160; x_wconf 90' lang='lat' dir='ltr'>spes</span> <span class='ocrx_word' id='word_1_188' title='bbox 416 2098 510 2146; x_wconf 90' lang='lat' dir='ltr'>sub</span> <span class='ocrx_word' id='word_1_189' title='bbox 545 2096 771 2156; x_wconf 87' lang='lat' dir='ltr'>lacrimis,</span> <span class='ocrx_word' id='word_1_190' title='bbox 811 2113 923 2160; x_wconf 90' lang='lat' dir='ltr'>spes</span> <span class='ocrx_word' id='word_1_191' title='bbox 958 2106 1108 2159; x_wconf 90' lang='lat' dir='ltr'>atque</span> <span class='ocrx_word' id='word_1_192' title='bbox 1143 2098 1340 2146; x_wconf 89' lang='lat' dir='ltr'>occulta</span> <span class='ocrx_word' id='word_1_193' title='bbox 1373 2095 1558 2159; x_wconf 86' lang='lat' dir='ltr'>cupido</span> <span class='ocrx_word' id='word_1_194' title='bbox 1728 2116 1812 2158; x_wconf 84' lang='lat'>300</span> <span class='ocrx_word' id='word_1_195' title='bbox 1872 2103 1875 2106; x_wconf 58' lang='lat'><strong>⁴</strong></span> 
     </span>
    </p>

    <p class='ocr_par' dir='ltr' id='par_1_26' title="bbox 142 2178 1315 2242">
     <span class='ocr_line' id='line_1_27' title="bbox 142 2178 1315 2242; baseline -0.001 -15"><span class='ocrx_word' id='word_1_196' title='bbox 142 2178 220 2227; x_wconf 86' lang='lat' dir='ltr'>his</span> <span class='ocrx_word' id='word_1_197' title='bbox 254 2180 402 2227; x_wconf 87' lang='lat' dir='ltr'>latet:</span> <span class='ocrx_word' id='word_1_198' title='bbox 450 2178 626 2227; x_wconf 88' lang='lat' dir='ltr'>insano</span> <span class='ocrx_word' id='word_1_199' title='bbox 660 2178 943 2242; x_wconf 88' lang='lat' dir='ltr'>praetendis</span> <span class='ocrx_word' id='word_1_200' title='bbox 978 2180 1150 2227; x_wconf 89' lang='lat' dir='ltr'>funera</span> <span class='ocrx_word' id='word_1_201' title='bbox 1183 2187 1315 2238; x_wconf 92' lang='lat' dir='ltr'>voto,</span> 
     </span>
    </p>

    <p class='ocr_par' dir='ltr' id='par_1_27' title="bbox 144 2258 1572 2324">
     <span class='ocr_line' id='line_1_28' title="bbox 144 2258 1572 2324; baseline -0.001 -16"><span class='ocrx_word' id='word_1_202' title='bbox 144 2277 323 2323; x_wconf 91' lang='lat' dir='ltr'>meque</span> <span class='ocrx_word' id='word_1_203' title='bbox 357 2259 540 2324; x_wconf 90' lang='lat' dir='ltr'>premis</span> <span class='ocrx_word' id='word_1_204' title='bbox 575 2261 751 2308; x_wconf 86' lang='lat' dir='ltr'>frustra</span> <span class='ocrx_word' id='word_1_205' title='bbox 784 2275 970 2308; x_wconf 89' lang='lat' dir='ltr'>vacuae</span> <span class='ocrx_word' id='word_1_206' title='bbox 1005 2276 1097 2308; x_wconf 92' lang='lat' dir='ltr'>ceu</span> <span class='ocrx_word' id='word_1_207' title='bbox 1131 2258 1383 2322; x_wconf 85' lang='lat' dir='ltr'>proximus</span> <span class='ocrx_word' id='word_1_208' title='bbox 1417 2260 1572 2308; x_wconf 85' lang='lat' dir='ltr'>aulae.</span> 
     </span>
    </p>

    <p class='ocr_par' dir='ltr' id='par_1_28' title="bbox 144 2339 1384 2404">
     <span class='ocr_line' id='line_1_29' title="bbox 144 2339 1384 2404; baseline -0.002 -14"><span class='ocrx_word' id='word_1_209' title='bbox 144 2358 246 2390; x_wconf 90' lang='lat' dir='ltr'>non</span> <span class='ocrx_word' id='word_1_210' title='bbox 281 2340 349 2390; x_wconf 87' lang='lat' dir='ltr'>ita</span> <span class='ocrx_word' id='word_1_211' title='bbox 385 2340 643 2390; x_wconf 89' lang='lat' dir='ltr'>Sidoniam</span> <span class='ocrx_word' id='word_1_212' title='bbox 678 2342 875 2389; x_wconf 90' lang='lat' dir='ltr'>fortuna</span> <span class='ocrx_word' id='word_1_213' title='bbox 909 2339 1157 2404; x_wconf 88' lang='lat' dir='ltr'>reliquerit</span> <span class='ocrx_word' id='word_1_214' title='bbox 1192 2341 1384 2401; x_wconf 87' lang='lat' dir='ltr'>urbem,</span> 
     </span>
    </p>

    <p class='ocr_par' dir='ltr' id='par_1_29' title="bbox 142 2420 1549 2486">
     <span class='ocr_line' id='line_1_30' title="bbox 142 2420 1549 2486; baseline -0.001 -15"><span class='ocrx_word' id='word_1_215' title='bbox 142 2423 193 2471; x_wconf 89' lang='lat' dir='ltr'>in</span> <span class='ocrx_word' id='word_1_216' title='bbox 230 2432 278 2472; x_wconf 91' lang='lat' dir='ltr'>te</span> <span class='ocrx_word' id='word_1_217' title='bbox 314 2432 369 2471; x_wconf 92' lang='lat' dir='ltr'>ut</span> <span class='ocrx_word' id='word_1_218' title='bbox 404 2431 596 2486; x_wconf 87' lang='lat' dir='ltr'>sceptra</span> <span class='ocrx_word' id='word_1_219' title='bbox 631 2423 826 2481; x_wconf 90' lang='lat' dir='ltr'>cadant,</span> <span class='ocrx_word' id='word_1_220' title='bbox 866 2431 1004 2470; x_wconf 91' lang='lat' dir='ltr'>tanto</span> <span class='ocrx_word' id='word_1_221' title='bbox 1040 2420 1382 2485; x_wconf 89' lang='lat' dir='ltr'>indignissime</span> <span class='ocrx_word' id='word_1_222' title='bbox 1418 2430 1549 2470; x_wconf 91' lang='lat' dir='ltr'>nato.</span> 
     </span>
    </p>
   </div>
   <div class='ocr_carea' id='block_1_3' title="bbox 142 2521 1873 2902">
    <p class='ocr_par' dir='ltr' id='par_1_30' title="bbox 142 2521 1873 2902">
     <span class='ocr_line' id='line_1_31' title="bbox 199 2521 1811 2574; baseline -0.001 -12"><span class='ocrx_word' id='word_1_223' title='bbox 199 2526 279 2573; x_wconf 85' lang='grc'>276</span> <span class='ocrx_word' id='word_1_224' title='bbox 300 2525 422 2562; x_wconf 84' lang='lat' dir='ltr'>deest</span> <span class='ocrx_word' id='word_1_225' title='bbox 437 2524 512 2562; x_wconf 89' lang='lat' dir='ltr'>tibi</span> <span class='ocrx_word' id='word_1_226' title='bbox 534 2523 597 2574; x_wconf 87' lang='lat'>(=</span> <span class='ocrx_word' id='word_1_227' title='bbox 620 2521 667 2568; x_wconf 77' lang='lat' dir='ltr'>t¹&gt;</span> <span class='ocrx_word' id='word_1_228' title='bbox 686 2523 839 2563; x_wconf 84' lang='lat' dir='ltr'>Owen:</span> <span class='ocrx_word' id='word_1_229' title='bbox 861 2524 982 2562; x_wconf 88' lang='lat' dir='ltr'>deest</span> <span class='ocrx_word' id='word_1_230' title='bbox 996 2523 1127 2562; x_wconf 46' lang='lat' dir='ltr'><em>coddn</em></span> <span class='ocrx_word' id='word_1_231' title='bbox 1148 2523 1231 2561; x_wconf 90' lang='lat' dir='ltr'>iarn</span> <span class='ocrx_word' id='word_1_232' title='bbox 1248 2523 1368 2561; x_wconf 88' lang='lat' dir='ltr'>deest</span> <span class='ocrx_word' id='word_1_233' title='bbox 1387 2521 1528 2560; x_wconf 75' lang='lat' dir='ltr'>Weber</span> <span class='ocrx_word' id='word_1_234' title='bbox 1732 2522 1811 2569; x_wconf 85' lang='lat'>278</span> 
     </span>
     <span class='ocr_line' id='line_1_32' title="bbox 144 2574 1865 2629; baseline -0.001 -12"><span class='ocrx_word' id='word_1_235' title='bbox 144 2579 274 2617; x_wconf 86' lang='lat' dir='ltr'>anxia</span> <span class='ocrx_word' id='word_1_236' title='bbox 310 2577 477 2627; x_wconf 75' lang='lat' dir='ltr'><em>PDQA</em></span> <span class='ocrx_word' id='word_1_237' title='bbox 526 2579 676 2629; x_wconf 71' lang='lat' dir='ltr'>&lt;ardua</span> <span class='ocrx_word' id='word_1_238' title='bbox 723 2584 926 2629; x_wconf 84' lang='lat' dir='ltr'>suprascr.</span> <span class='ocrx_word' id='word_1_239' title='bbox 962 2577 1006 2615; x_wconf 92' lang='lat' dir='ltr'><em>D</em></span> <span class='ocrx_word' id='word_1_240' title='bbox 1039 2577 1135 2616; x_wconf 89' lang='lat' dir='ltr'>add.</span> <span class='ocrx_word' id='word_1_241' title='bbox 1171 2591 1307 2628; x_wconf 85' lang='lat' dir='ltr'>marg.</span> <span class='ocrx_word' id='word_1_242' title='bbox 1347 2576 1430 2626; x_wconf 78' lang='lat' dir='ltr'>Q).</span> <span class='ocrx_word' id='word_1_243' title='bbox 1473 2576 1604 2614; x_wconf 82' lang='lat' dir='ltr'>ardua</span> <span class='ocrx_word' id='word_1_244' title='bbox 1650 2574 1814 2615; x_wconf 83' lang='lat' dir='ltr'><em>BKNS</em></span> <span class='ocrx_word' id='word_1_245' title='bbox 1863 2574 1865 2578; x_wconf 79' lang='grc'><strong>’</strong></span> 
     </span>
     <span class='ocr_line' id='line_1_33' title="bbox 144 2631 1810 2682; baseline -0.002 -11"><span class='ocrx_word' id='word_1_246' title='bbox 144 2634 222 2671; x_wconf 83' lang='lat'>281</span> <span class='ocrx_word' id='word_1_247' title='bbox 255 2646 408 2671; x_wconf 87' lang='lat' dir='ltr'>sonare</span> <span class='ocrx_word' id='word_1_248' title='bbox 437 2631 479 2671; x_wconf 86' lang='lat' dir='ltr'><em>P</em></span> <span class='ocrx_word' id='word_1_249' title='bbox 615 2634 695 2682; x_wconf 87' lang='lat'>283</span> <span class='ocrx_word' id='word_1_250' title='bbox 726 2632 830 2671; x_wconf 87' lang='lat' dir='ltr'>Fors</span> <span class='ocrx_word' id='word_1_251' title='bbox 853 2631 1126 2681; x_wconf 78' lang='lat' dir='ltr'><em>PBDNQS:</em></span> <span class='ocrx_word' id='word_1_252' title='bbox 1171 2644 1265 2670; x_wconf 86' lang='lat' dir='ltr'>sors</span> <span class='ocrx_word' id='word_1_253' title='bbox 1295 2631 1341 2669; x_wconf 91' lang='lat' dir='ltr'><em>K</em></span> <span class='ocrx_word' id='word_1_254' title='bbox 1355 2631 1405 2682; x_wconf 64' lang='grc' dir='ltr'>(ἲ)</span> <span class='ocrx_word' id='word_1_255' title='bbox 1533 2632 1612 2679; x_wconf 88' lang='grc'>285</span> <span class='ocrx_word' id='word_1_256' title='bbox 1641 2643 1810 2669; x_wconf 88' lang='lat' dir='ltr'>ararum</span> 
     </span>
     <span class='ocr_line' id='line_1_34' title="bbox 142 2684 1811 2738; baseline -0.002 -13"><span class='ocrx_word' id='word_1_257' title='bbox 142 2687 286 2725; x_wconf 86' lang='lat' dir='ltr'><strong><em>PBN&#39;·</em></strong></span> <span class='ocrx_word' id='word_1_258' title='bbox 282 2686 334 2724; x_wconf 82' lang='lat' dir='ltr'>‘D</span> <span class='ocrx_word' id='word_1_259' title='bbox 355 2691 582 2738; x_wconf 82' lang='lat' dir='ltr'>(suprascr.</span> <span class='ocrx_word' id='word_1_260' title='bbox 605 2698 822 2725; x_wconf 84' lang='lat' dir='ltr'>armorum</span> <span class='ocrx_word' id='word_1_261' title='bbox 841 2685 933 2736; x_wconf 88' lang='lat' dir='ltr'>D)·</span> <span class='ocrx_word' id='word_1_262' title='bbox 925 2716 933 2725; x_wconf 95' lang='lat'><strong><em>.</em></strong></span> <span class='ocrx_word' id='word_1_263' title='bbox 963 2698 1174 2726; x_wconf 86' lang='lat' dir='ltr'>armorum</span> <span class='ocrx_word' id='word_1_264' title='bbox 1191 2686 1320 2735; x_wconf 76' lang='lat' dir='ltr'>QN1·</span> <span class='ocrx_word' id='word_1_265' title='bbox 1313 2716 1321 2724; x_wconf 94' lang='lat'>.</span> <span class='ocrx_word' id='word_1_266' title='bbox 1350 2697 1556 2724; x_wconf 83' lang='lat' dir='ltr'>annorum</span> <span class='ocrx_word' id='word_1_267' title='bbox 1577 2684 1624 2722; x_wconf 93' lang='lat' dir='ltr'><em>K</em></span> <span class='ocrx_word' id='word_1_268' title='bbox 1729 2695 1811 2733; x_wconf 85' lang='grc'>293</span> 
     </span>
     <span class='ocr_line' id='line_1_35' title="bbox 145 2736 1867 2791; baseline -0.002 -11"><span class='ocrx_word' id='word_1_269' title='bbox 145 2748 394 2791; x_wconf 83' lang='lat' dir='ltr'>respectans</span> <span class='ocrx_word' id='word_1_270' title='bbox 415 2741 457 2778; x_wconf 89' lang='lat' dir='ltr'><em>P</em></span> <span class='ocrx_word' id='word_1_271' title='bbox 547 2742 614 2780; x_wconf 92' lang='lat' dir='ltr'>hic</span> <span class='ocrx_word' id='word_1_272' title='bbox 632 2742 818 2791; x_wconf 86' lang='lat' dir='ltr'>pendere</span> <span class='ocrx_word' id='word_1_273' title='bbox 841 2741 879 2790; x_wconf 81' lang='lat' dir='ltr'><em>Q</em></span> <span class='ocrx_word' id='word_1_274' title='bbox 1024 2753 1103 2791; x_wconf 85' lang='lat'>295</span> <span class='ocrx_word' id='word_1_275' title='bbox 1135 2754 1202 2779; x_wconf 90' lang='lat' dir='ltr'>me</span> <span class='ocrx_word' id='word_1_276' title='bbox 1223 2739 1265 2778; x_wconf 91' lang='lat' dir='ltr'><em>P</em></span> <span class='ocrx_word' id='word_1_277' title='bbox 1417 2742 1499 2789; x_wconf 88' lang='lat'>296</span> <span class='ocrx_word' id='word_1_278' title='bbox 1527 2739 1648 2779; x_wconf 88' lang='lat' dir='ltr'>audis</span> <span class='ocrx_word' id='word_1_279' title='bbox 1660 2736 1783 2788; x_wconf 83' lang='lat' dir='ltr'>PNQ</span> <span class='ocrx_word' id='word_1_280' title='bbox 1801 2751 1809 2777; x_wconf 78' lang='lat' dir='ltr'>t</span> <span class='ocrx_word' id='word_1_281' title='bbox 1864 2749 1867 2751; x_wconf 72' lang='grc'><strong><em>’</em></strong></span> 
     </span>
     <span class='ocr_line' id='line_1_36' title="bbox 145 2793 1873 2847; baseline -0.002 -13"><span class='ocrx_word' id='word_1_282' title='bbox 145 2796 279 2834; x_wconf 85' lang='lat' dir='ltr'>audes</span> <span class='ocrx_word' id='word_1_283' title='bbox 299 2795 427 2833; x_wconf 83' lang='lat' dir='ltr'>BKD</span> <span class='ocrx_word' id='word_1_284' title='bbox 450 2795 673 2847; x_wconf 81' lang='lat' dir='ltr'>(suprascr.</span> <span class='ocrx_word' id='word_1_285' title='bbox 697 2796 795 2843; x_wconf 88' lang='lat' dir='ltr'>†dis</span> <span class='ocrx_word' id='word_1_286' title='bbox 826 2794 886 2845; x_wconf 92' lang='lat' dir='ltr'>D)</span> <span class='ocrx_word' id='word_1_287' title='bbox 907 2795 949 2832; x_wconf 92' lang='lat' dir='ltr'><em>A</em></span> <span class='ocrx_word' id='word_1_288' title='bbox 977 2796 1092 2846; x_wconf 83' lang='lat' dir='ltr'>(cum</span> <span class='ocrx_word' id='word_1_289' title='bbox 1107 2796 1233 2846; x_wconf 79' lang='lat' dir='ltr'>gloss,</span> <span class='ocrx_word' id='word_1_290' title='bbox 1265 2796 1348 2834; x_wconf 88' lang='lat' dir='ltr'>‘sc.</span> <span class='ocrx_word' id='word_1_291' title='bbox 1371 2793 1434 2832; x_wconf 90' lang='lat' dir='ltr'>ire</span> <span class='ocrx_word' id='word_1_292' title='bbox 1452 2794 1463 2808; x_wconf 80' lang='lat'><strong><em>⁹</em></strong></span> <span class='ocrx_word' id='word_1_293' title='bbox 1483 2793 1546 2845; x_wconf 89' lang='lat' dir='ltr'>A)</span> <span class='ocrx_word' id='word_1_294' title='bbox 1728 2806 1811 2844; x_wconf 88' lang='lat'>299</span> <span class='ocrx_word' id='word_1_295' title='bbox 1871 2794 1873 2798; x_wconf 59' lang='lat'><strong><em>⁴</em></strong></span> 
     </span>
     <span class='ocr_line' id='line_1_37' title="bbox 145 2848 1868 2902; baseline -0.002 -12"><span class='ocrx_word' id='word_1_296' title='bbox 145 2850 310 2890; x_wconf 90' lang='lat' dir='ltr'>solebat</span> <span class='ocrx_word' id='word_1_297' title='bbox 330 2849 373 2888; x_wconf 92' lang='lat' dir='ltr'><em>P</em></span> <span class='ocrx_word' id='word_1_298' title='bbox 479 2862 559 2899; x_wconf 86' lang='lat'>304</span> <span class='ocrx_word' id='word_1_299' title='bbox 589 2857 635 2890; x_wconf 89' lang='lat' dir='ltr'>ut</span> <span class='ocrx_word' id='word_1_300' title='bbox 654 2863 736 2890; x_wconf 85' lang='lat' dir='ltr'>om.</span> <span class='ocrx_word' id='word_1_301' title='bbox 758 2848 842 2888; x_wconf 82' lang='grc' dir='ltr'>ΡΙ)</span> <span class='ocrx_word' id='word_1_302' title='bbox 864 2852 974 2902; x_wconf 82' lang='lat' dir='ltr'>(sup.</span> <span class='ocrx_word' id='word_1_303' title='bbox 996 2850 1038 2888; x_wconf 89' lang='lat' dir='ltr'>in</span> <span class='ocrx_word' id='word_1_304' title='bbox 1063 2850 1158 2889; x_wconf 88' lang='lat' dir='ltr'>add.</span> <span class='ocrx_word' id='word_1_305' title='bbox 1182 2848 1245 2900; x_wconf 87' lang='lat' dir='ltr'>D)</span> <span class='ocrx_word' id='word_1_306' title='bbox 1866 2863 1868 2865; x_wconf 48' lang='lat'>&gt;</span> 
     </span>
    </p>
   </div>
   <div class='ocr_carea' id='block_1_4' title="bbox 1842 0 1884 2919">
    <p class='ocr_par' dir='ltr' id='par_1_31' title="bbox 1842 0 1884 2919">
     <span class='ocr_line' id='line_1_38' title="bbox 1842 0 1884 2919; baseline 0 0"><span class='ocrx_word' id='word_1_307' title='bbox 1842 0 1884 2919; x_wconf 95' lang='lat' dir='ltr'> </span> 
     </span>
    </p>
   </div>
  </div>
 </body>
</html>
