1884 3204
896 88 1310 138 THEBAIDOS
1349 91 1563 139 LIBER
1600 93 1732 143 VIII

148 229 215 277 At
249 241 350 275 non
385 222 638 274 Sidoniam
674 222 866 273 diversa
899 223 949 272 in
986 221 1127 288 parte
1158 242 1245 289 per
1279 225 1451 274 urbem

0 348 5 363 ‚
73 323 178 357 ‚nox
211 307 418 356 eadem:
465 302 598 352 vario
633 304 913 366 producunt
949 303 1108 353 sidera
1143 306 1263 354 ludo

0 376 6 396 ³
77 395 192 436 ante
225 386 400 434 domos
433 382 668 446 intraque,
706 382 941 446 ipsaeque
974 385 1039 432 ad
1075 384 1271 433 moenia
1306 394 1526 434 marcent
1655 407 1734 436 220

78 463 341 524 excubiae;
383 461 579 526 gemina
612 478 724 511 aera
759 471 938 511 sonant
975 464 1226 526 Idaeaque
1262 473 1395 528 terga

77 553 131 598 et,
159 545 411 594 moderata
445 554 621 592 sonum
658 541 792 591 vario
828 541 1094 606 spiramine
1129 543 1302 592 buxus
1329 607 1334 610 ‚

67 632 192 674 -tunc
226 622 383 673 dulcis
418 638 620 686 superos
654 631 804 686 atque
838 638 987 672 omne
1023 639 1082 672 ex
1118 622 1290 672 ordine
1324 625 1582 673 alumnum

0 757 5 763 ,
74 720 257 757 numen
292 702 476 766 ubique
510 701 633 751 sacri
668 712 900 752 resonant
934 720 1161 767 paeanes,
1200 703 1387 767 ubique

73 796 199 835 serta
232 792 620 846 coronatumque
656 799 859 832 merum.
931 801 1065 833 nunc
1098 786 1269 833 funera
1303 784 1465 834 rident
1652 803 1730 844 225

71 862 264 928 auguris
299 862 468 927 ignari,
504 871 772 927 contraque
807 863 858 911 in
895 872 1116 928 tempore
1151 873 1339 914 certant

73 943 290 994 Tiresian
327 944 525 992 laudare
560 959 704 992 suum
721 961 735 1004 3
781 961 915 993 nunc
950 946 1050 993 fata
1086 946 1346 994 revolvunt

0 1028 7 1078 ἐ
71 1023 310 1074 maiorum
346 1034 632 1088 veteresque
666 1033 851 1073 canunt
884 1024 948 1074 ab
984 1024 1171 1089 origine
1206 1026 1440 1087 Thebas:

0 1084 5 1162 Ξ
70 1103 123 1153 hi
158 1121 290 1153 mare
325 1104 583 1154 Sidonium
620 1104 948 1168 manibusque
982 1105 1145 1154 attrita
1181 1105 1423 1155 Tonantis

0 1173 5 1252 ᾗ
70 1201 254 1234 cornua
288 1194 336 1234 et
370 1184 555 1249 ingenti
592 1187 834 1234 sulcatum
871 1187 1034 1235 Nerea
1068 1194 1223 1246 tauro,
1649 1205 1727 1244 230

0 1255 2 1331 J
70 1264 120 1314 hi
157 1266 403 1315 Cadmum
438 1268 714 1329 lassamque
751 1266 930 1315 bovem
965 1267 1190 1329 fetosque
1225 1266 1414 1315 cruenti

0 1357 2 1396 ζ
71 1344 244 1394 Martis
278 1362 435 1409 agros,
469 1345 551 1394 alii
587 1345 785 1408 Tyriam
821 1345 1064 1409 reptantia
1098 1362 1213 1394 saxa

68 1425 133 1474 ad
166 1426 341 1488 chelyn
376 1435 424 1475 et
458 1427 604 1474 duras
638 1425 941 1474 animantem
977 1425 1264 1489 Amphiona
1300 1434 1481 1486 cauteS‚

67 1503 119 1552 hi
152 1505 397 1568 gravidam
434 1507 679 1567 Semelen,
713 1505 782 1553 illi
818 1505 1080 1568 Cythereia
1114 1507 1318 1555 laudant

67 1584 280 1634 conubia
313 1595 362 1635 et
396 1587 549 1634 multa
584 1587 849 1635 deductam
884 1587 1114 1649 lampade
1148 1587 1350 1634 fratrum
1643 1607 1721 1649 235

0 1716 1 1721 ,
68 1664 423 1714 Harmoniam:
469 1665 615 1715 nullis
650 1667 789 1715 deest
825 1665 985 1714 suavis
1020 1666 1188 1714 fabula
1223 1666 1436 1716 mensis:

65 1749 156 1795 ceu
190 1747 342 1795 modo
376 1746 716 1810 gemmiferum
752 1748 942 1809 thryrso
977 1748 1243 1810 populatus
1282 1746 1562 1812 Hydaspen

22 1889 26 1893 .
67 1825 295 1889 ansque
330 1828 506 1876 domos
542 1826 665 1891 nigri
699 1827 873 1876 vexilla
907 1826 1144 1890 triumphi

65 1904 214 1954 Liber
247 1914 295 1955 et
329 1905 523 1970 ignotos
558 1907 753 1971 populis
789 1909 1070 1956 ostenderet
1107 1909 1276 1956 Indos.
1422 1965 1431 1975 .

130 1988 263 2034 Tum
297 1986 509 2049 primum
543 1989 607 2036 ad
645 1996 814 2036 coetus
850 1987 1112 2050 sociaeque
1146 1990 1210 2037 ad
1245 1990 1444 2038 foedera
1469 2007 1669 2041 mensae

66 2082 258 2129 semper
290 2065 595 2131 inaspectum
632 2068 834 2131 diraque
868 2067 919 2115 in
955 2069 1073 2116 sede
1108 2070 1343 2118 latentem
1641 2087 1715 2134 241

66 2145 363 2209 Oedipoden
398 2146 552 2196 exisse
580 2148 746 2196 'ferunt
780 2148 1016 2212 vultuque
1052 2164 1225 2197 sereno

65 2224 294 2275 canitiem
329 2225 514 2290 nigram
551 2229 776 2291 squalore
812 2237 859 2277 et
895 2227 1096 2277 sordida
1129 2229 1248 2278 fusis

64 2320 149 2354 ora
183 2305 337 2355 comis
371 2309 556 2356 laxasse
591 2325 740 2357 manu
776 2308 1064 2373 sociumque
1099 2309 1340 2373 benignos

62 2385 255 2434 adfatus
290 2395 338 2435 et
372 2387 547 2437 abacta
580 2387 714 2451 prius
750 2388 932 2438 solacia
966 2407 1178 2453 passum,
1635 2414 1712 2454 245

65 2508 69 2509 ⁷
90 2519 94 2523 “
114 2524 194 2562 223
222 2525 388 2552 omnem
406 2513 451 2552 D
631 2517 712 2555 226
740 2522 914 2566 pectore
945 2518 1163 2570 (suprascr.
1191 2519 1403 2572 tempore)
1423 2518 1493 2558 D:
1539 2526 1714 2570 pectore

0 2571 2 2583 '
32 2595 34 2598 -
64 2565 160 2607 cod.
183 2566 346 2618 Magea,
368 2568 414 2618 cf
439 2579 517 2618 253
755 2583 834 2620 227
868 2571 953 2610 sata
981 2571 1043 2612 P:
1078 2572 1189 2612 facta
1211 2573 1314 2625 (fata
1340 2572 1378 2625 (c
1407 2575 1631 2625 suprascr.)
1654 2575 1712 2625 Q)

0 2647 1 2659 ¹
59 2619 168 2660 oeSA
294 2634 375 2672 229
402 2621 582 2662 Tonanti
601 2622 707 2662 Ellis
841 2637 921 2674 230
950 2626 1111 2675 mugitu
1137 2627 1186 2666 N
1316 2640 1393 2677 231
1425 2628 1656 2678 flectosque
1674 2628 1718 2667 P

0 2662 1 2724 l
60 2685 139 2724 234
166 2674 234 2715 hic
261 2674 305 2714 P
504 2678 584 2726 236
613 2676 888 2717 Harmoniam
907 2678 1054 2729 PBQ:
1084 2680 1358 2720 Hermionam
1382 2681 1461 2731 (vel
1478 2682 1574 2732 -en)'
1592 2682 1715 2722 DNS

0 2750 1 2754 =
60 2728 201 2767 suavis
218 2729 382 2781 scripsi:
413 2743 487 2770 sua
506 2730 636 2780 codd„
661 2731 733 2769 sed
747 2733 794 2781 cf.
814 2745 854 2771 x.
878 2734 968 2783 236,
990 2735 1048 2774 xi.
1069 2738 1148 2783 276
1170 2749 1179 2775 :
1207 2749 1260 2774 en
1281 2748 1357 2774 sua
1385 2735 1484 2774 Luc.
1509 2736 1710 2776 Mueller:

60 2781 183 2821 deses
211 2796 287 2824 sua
318 2783 482 2834 Unger:
514 2783 594 2823 iam
617 2785 739 2825 deest
763 2798 841 2825 sua
866 2786 924 2835 D,
952 2788 1051 2829 coni.
1077 2788 1237 2829 Weber:
1267 2789 1396 2829 nullis
1425 2802 1510 2828 non
1541 2795 1606 2829 est
1632 2803 1710 2830 sua

37 2833 164 2878 'Ellis
322 2850 404 2887 240
432 2839 485 2878 ad
505 2851 590 2880 om.
611 2838 651 2889 Q
812 2852 892 2891 243
920 2842 1041 2891 nigra
1058 2842 1107 2882 N
