1884 3204
179 137 232 184 P.
273 136 515 185 PAPINI
553 136 633 186 ST
635 135 728 184 AT
734 136 759 184 1

178 274 402 324 obruitur
418 293 432 336 3
478 275 624 324 simul
658 291 794 324 arma
828 274 1001 335 virum,
1039 273 1185 325 simul
1221 273 1306 325 ora
1341 288 1617 338 manusque

177 357 429 419 fractaque
464 356 735 406 commixto
771 357 1004 405 sederunt
1038 366 1240 420 pectora
1274 359 1416 406 ferro.

177 446 410 500 quattuor
445 437 526 486 hic
561 439 690 486 adeo
726 436 918 487 disiecti
954 440 1086 487 mole
1122 438 1215 486 sub
1250 453 1350 486 una

176 535 519 582 congemuere,
558 520 673 581 fuga
708 520 1052 568 tremefactum
1089 516 1314 582 protinus
1349 532 1529 581 agmen

176 599 419 649 excutitur
453 599 655 663 coeptis.
700 606 883 662 'neque
919 599 1051 648 enirn
1087 601 1357 649 temnenda
1391 598 1622 647 iacebant
1759 615 1844 658 570

177 683 381 732 funera:
426 681 693 731 fulmineus
732 683 954 745 Dorylas,
994 697 1144 744 quem
1180 681 1375 744 regibus
1409 681 1588 729 ardens

175 765 422 827 aequabat
457 762 622 822 virtus,
664 762 939 825 Martisque
975 779 1002 811 e
1039 761 1227 811 semine
1263 763 1498 813 Theron.

174 844 440 908 terrigenas
477 845 694 893 confisus
729 859 862 902 avos,
902 859 995 892 nec
1030 852 1217 892 vertere
1253 841 1487 906 cuiquam

173 928 312 975 frena
347 927 597 975 secundus
635 926 807 987 Halys,
847 925 936 972 sed
971 933 1091 973 tunc
1126 925 1280 987 pedes
1317 924 1529 972 occubat
1563 921 1704 982 arvis,
1785 940 1790 944 ·

175 1009 556 1069 Pentheumque
592 1006 791 1053 trahens
826 1005 1054 1053 nondum
1090 1013 1139 1052 te
1175 1003 1479 1053 Phaedimus
1513 1019 1691 1066 aequo,
1761 1018 1840 1063 575

176 1090 387 1147 Bacche,
426 1103 594 1150 genus.
669 1101 882 1148 quorum
917 1093 972 1133 ut
1007 1084 1182 1133 subitis
1218 1083 1444 1134 exterrita
1477 1083 1588 1132 satis

171 1167 370 1232 agmina
404 1168 650 1216 turbatam
687 1165 812 1214 vidit
843 1167 1005 1214 laxare
1040 1175 1302 1225 catervam,

173 1267 301 1314 quae
337 1251 439 1299 duo
476 1251 582 1298 sola
616 1265 768 1297 manu
803 1256 1000 1311 gestans
1035 1247 1244 1296 acclinia
1279 1246 1438 1296 monti

173 1334 354 1390 fixerat,
393 1331 644 1395 intorquet
679 1329 839 1379 iacula
874 1338 924 1378 et
958 1329 1260 1394 fugientibus
1295 1328 1448 1378 addit.

174 1430 290 1463 mox
324 1413 376 1461 in
412 1415 561 1477 plana
595 1412 770 1472 libens,
809 1413 948 1460 nudo
985 1428 1049 1460 ne
1084 1419 1287 1475 pectore
1323 1412 1422 1460 tela
1763 1417 1844 1468 580

171 1495 460 1555 inciderent,
500 1497 625 1543 saltu
661 1509 897 1557 praeceps
933 1494 1149 1542 defertur
1183 1502 1234 1541 et
1268 1492 1453 1554 orbern,

170 1594 320 1640 quem
357 1578 530 1640 procul
565 1591 803 1639 oppresso
839 1573 961 1623 vidit
997 1576 1231 1623 Therone
1266 1575 1507 1633 volutum,

170 1658 420 1721 corripuit,
460 1667 696 1720 tergoque
732 1665 781 1705 et
815 1654 997 1704 vertice
1033 1654 1251 1718 tegmina
1285 1664 1405 1703 nota

171 1749 370 1803 saeptus
407 1749 456 1789 et
491 1738 658 1788 hostili
693 1754 1011 1802 propugnans
1047 1746 1249 1801 pectora
1282 1753 1454 1800 parma

170 1821 405 1873 constitit.
477 1820 596 1870 inde
630 1820 808 1869 iterum
844 1818 987 1869 densi
1021 1821 1355 1882 glomerantur
1388 1817 1439 1866 in
1476 1834 1632 1866 unum
1759 1827 1839 1878 585

173 1904 429 1968 Ogygidae
465 1904 762 1966 firmantque
796 1903 1034 1965 gradum3
1080 1899 1228 1949 trahit
1263 1899 1401 1949 ocius
1437 1916 1609 1949 ensem

171 1985 452 2034 Bistonium
488 1986 704 2048 Tydeus,
746 1982 993 2031 Mavortia
1027 1998 1233 2031 munera
1267 1981 1434 2045 magni

171 2067 386 2127 Oeneos,
426 2075 475 2115 et
510 2065 661 2130 partis
696 2064 875 2129 pariter
910 2063 1096 2113 divisus
1132 2062 1185 2111 in
1220 2062 1382 2112 omnis

170 2150 263 2198 hos
299 2147 406 2196 obit
439 2156 590 2211 atque
625 2146 735 2195 illos
770 2148 998 2208 ferroque
1034 2143 1268 2193 micantia
1302 2145 1400 2192 tela

169 2229 359 2280 decutit
375 2248 389 2290 3
435 2228 731 2292 impeditant
765 2243 974 2276 numero
1008 2243 1162 2290 seque
1196 2225 1303 2289 ipsa
1336 2224 1551 2274 vicissim
1758 2246 1839 2287 590

171 2328 308 2361 arma
343 2320 590 2374 premunt,
628 2327 722 2359 nec
757 2308 830 2358 vis
867 2307 1129 2358 conatibus
1165 2309 1278 2367 ulla,
1317 2308 1406 2357 sed
1440 2306 1578 2370 ipsae
1630 2311 1634 2314 ’

169 2392 222 2441 in
257 2391 419 2442 socios
455 2408 613 2441 errare
648 2407 825 2439 manus
860 2399 910 2439 et
944 2405 1152 2453 corpora
1186 2389 1331 2438 turba

169 2474 354 2524 involvi
389 2476 618 2538 prolapsa
654 2490 742 2522 sua
759 2491 773 2534 3
820 2481 988 2521 manet
1025 2471 1106 2520 ille
1142 2470 1326 2519 ruentis

225 2605 305 2652 566
326 2615 402 2641 ora
423 2603 562 2641 virum
591 2602 634 2640 P
848 2602 929 2650 568
958 2614 1041 2640 om.
1072 2599 1115 2638 P
1139 2599 1234 2639 add.
1259 2599 1348 2638 ima
1369 2605 1471 2652 pag.
1541 2600 1708 2640 disiecti
1738 2599 1839 2640 Cod.

170 2658 308 2698 Paris.
329 2659 438 2707 8052
458 2656 708 2696 Lachmann
725 2670 734 2695 ι
765 2656 940 2695 disiecta
958 2655 1023 2694 P:
1051 2654 1206 2693 deiecti
1224 2658 1310 2693 cett.
1515 2666 1596 2704 573
1615 2655 1840 2694 confessus

170 2712 215 2751 D
394 2724 471 2761 577
502 2713 672 2751 turbata
692 2741 702 2751 .
724 2741 734 2750 .
757 2741 767 2750 .
788 2716 958 2750 caterva
986 2709 1063 2749 PS
1253 2709 1335 2757 580
1363 2721 1419 2747 ne
1446 2709 1490 2747 in
1519 2709 1563 2746 P
1660 2731 1662 2734 -
1757 2710 1838 2759 582

170 2767 354 2806 obsesso
376 2770 546 2818 (presso
567 2773 770 2816 suprascr.
785 2766 840 2805 al.
859 2763 936 2815 m.)
960 2764 1000 2815 Q
1126 2764 1207 2812 583
1236 2764 1424 2811 tegmina
1450 2763 1532 2814 PQ
1553 2777 1562 2802 :
1590 2763 1778 2812 tegmine
1797 2762 1840 2801 B

173 2821 337 2860 DKNS
431 2827 531 2860 nota
558 2821 645 2859 PK
661 2835 671 2859 ι
702 2825 801 2858 nota
822 2819 861 2870 Q
882 2820 944 2871 (-o
962 2824 1052 2868 sup.
1079 2831 1121 2856 -a
1140 2816 1237 2856 add.
1262 2817 1335 2868 Q2)
1356 2831 1366 2856 ε
1393 2825 1498 2857 noto
1525 2817 1718 2857 BDNS:
1746 2823 1836 2856 toto

173 2875 271 2915 Cod.
292 2875 438 2927 Magd.
605 2875 685 2924 588
714 2876 875 2924 pariter
903 2878 1051 2924 partes
1079 2872 1124 2911 D
1233 2871 1412 2910 diffusus
1439 2873 1524 2911 NA
1560 2872 1658 2912 Cod.
1690 2872 1836 2924 Magd.

170 2941 252 2980 590
280 2930 486 2980 impediat
513 2929 556 2967 P
661 2929 861 2967 humeros
893 2928 932 2978 Q
954 2929 1152 2977 (numero
1171 2932 1378 2977 suprascr.
1400 2924 1479 2978 Q2)
1665 2938 1745 2977 593
1774 2927 1837 2966 in-

169 2985 303 3024 volvit
315 2984 435 3035 PcuS,
459 2997 560 3024 corr.
582 2981 784 3022 Heinsius
806 2982 1043 3022 Gronovius
1061 2995 1080 3020 e
1098 2980 1214 3020 codd.
1307 2981 1470 3021 ruentis
1483 2979 1529 3020 K
1542 2994 1558 3021 ι
1583 2980 1810 3020 ruentesP
1827 2994 1837 3019 ε
