1884 3204
948 83 1358 134 THEBAIDOS
1395 85 1609 131 LIBER
1645 81 1724 132 VI

71 231 135 280 de
167 244 324 294 grege,
363 224 606 278 Castaliae
643 222 829 286 stupuit
863 222 949 286 qui
985 221 1127 272 sibila
1161 237 1349 270 cannae

51 311 226 375 ⁸laetus
260 316 310 358 et
342 305 513 356 audito
548 303 847 367 contempsit
883 302 1116 367 Apolline
1151 301 1300 366 pasci.

138 391 271 439 Ecce
306 395 355 436 et
391 384 656 435 Iasonidae
692 383 907 443 iuvenes,
946 399 1075 431 nova
1108 381 1262 445 gloria
1297 380 1463 430 matris
1640 399 1722 439 340

32 465 383 531 „Hypsipylea
422 462 616 512 subiere
650 462 779 525 iugo,
818 477 918 525 quo
954 470 1124 510 vectus
1166 469 1386 523 uterque,

69 563 252 597 nomen
285 561 379 595 avo
412 542 592 607 gentile
628 543 796 591 Thoas
832 550 981 604 atque
1016 540 1182 589 omine
1218 540 1379 590 dietus

0 620 270 687 {tl-Euneos
310 628 489 687 Argoo.
560 621 768 687 geminis
803 622 978 671 eadem
1015 621 1215 670 omnia:
1262 608 1437 680 vultuS‚

38 722 251 766 -currus‚
289 705 418 769 equi,
456 713 628 764 vestes,
668 719 755 767 par
789 711 838 752 et
874 703 1142 751 concordia
1176 701 1318 761 votis,

39 773 262 851 'fincere
297 788 372 835 vel
409 787 515 834 solo
551 783 756 848 cupiunt
791 800 820 832 a
855 785 998 832 fratre
1035 782 1256 847 relinqui.
1644 800 1721 842 345

38 867 39 870 ’
71 917 76 922 ,
136 868 184 916 It
220 865 449 918 Chromis
476 864 943 929 Hippodamusque,
970 865 1091 913 alter
1114 873 1246 912 satus
1279 863 1498 912 Hercule
1527 878 1722 926 magno,

67 948 189 996 alter
221 947 285 996 ab
321 947 615 996 Oenomao:
663 944 860 994 dubites
896 953 1004 994 uter
1038 945 1184 994 effera
1219 952 1406 1008 presset

69 1027 204 1076 frena
239 1026 406 1090 magis.
479 1025 639 1075 Getici
675 1042 826 1088 pecus
862 1024 943 1073 hic
981 1024 1254 1084 Diomedis,
1292 1034 1342 1073 at
1377 1024 1458 1074 ille

48 1124 56 1131 ³
71 1106 230 1157 Pisaei
266 1107 379 1171 iuga
413 1106 561 1171 patris
597 1107 761 1166 habet,
800 1105 1082 1155 crudelibus
1116 1106 1267 1154 ambo

70 1187 255 1238 exuviis
292 1188 500 1252 diroque
536 1186 713 1236 imbuti
751 1186 989 1251 sanguine
1023 1203 1204 1236 currus.
1647 1204 1727 1245 350

69 1278 309 1319 metarum
347 1269 497 1317 instar
530 1277 668 1317 erant
705 1267 822 1317 hinc
857 1268 994 1316 nudo
1030 1268 1206 1316 robore
1242 1282 1465 1330 quereus,

71 1348 188 1399 olim
224 1348 385 1398 omnis
422 1358 567 1398 exuta
601 1365 784 1408 comas,
823 1347 938 1396 hinc
976 1364 1148 1397 saxeus
1184 1347 1339 1396 umbo

69 1429 248 1480 arbiter
280 1429 536 1494 agricolis3
583 1430 733 1478 finem
769 1428 895 1478 iacet
930 1427 1055 1477 inter
1089 1437 1367 1491 utrumque,

71 1511 216 1576 quale
251 1519 422 1574 quater
458 1509 617 1558 iaculo
654 1508 881 1573 spatium,
919 1517 992 1558 ter
1026 1507 1303 1558 harundine
1337 1507 1518 1557 vincas.

140 1592 335 1640 Interea
370 1599 518 1639 cantu
556 1591 813 1639 Musarum
850 1588 1018 1639 nobile
1055 1590 1278 1638 mulcens
1650 1610 1728 1651 355

71 1671 336 1723 concilium
372 1671 686 1735 citharaeque
721 1687 896 1720 manus
931 1670 1140 1720 insertus
1175 1671 1360 1734 Apollo

77 1752 277 1802 Parnasi
312 1769 507 1802 summo
543 1752 798 1816 spectabat
831 1753 896 1802 ab
931 1753 1129 1802 aethere
1165 1761 1345 1813 terras3

75 1851 187 1884 orsa
221 1835 372 1884 deum
412 1833 548 1898 (nam
587 1850 734 1898 saepe
771 1835 944 1883 Iovem
982 1835 1341 1898 Phlegramque
1378 1832 1552 1898 suique

24 1909 46 1922 ²
71 1915 245 1980 anguis
281 1931 405 1979 opus
441 1917 741 1978 fratrumque
776 1914 886 1979 pius
922 1923 1140 1964 cantarat
1174 1915 1410 1980 honores)

76 2005 194 2046 tunc
228 1996 396 2061 aperit,
435 1994 545 2060 quis
580 1996 768 2044 fulmen
803 2004 928 2059 agat,
967 1994 1076 2059 quis
1113 1994 1274 2045 sidera
1308 1997 1456 2044 ducat
1651 2003 1732 2056 360

77 2075 287 2141 spiritus,
325 2078 459 2126 unde
493 2075 646 2125 animi
681 2075 853 2136 fluviiS‚
892 2093 1020 2140 quae
1055 2076 1237 2140 pabula
1271 2076 1442 2137 ventis,

77 2173 178 2220 quo
212 2158 349 2206 fonte
386 2156 682 2206 immensum
718 2156 848 2206 vivat
884 2173 1030 2216 mare,
1070 2173 1197 2220 quae
1232 2156 1310 2205 via
1345 2156 1460 2206 solis

77 2237 363 2303 praecipitet
398 2247 611 2297 noctem,
650 2254 777 2301 quae
812 2237 1037 2302 porrigat,
1076 2237 1240 2287 imane
1275 2239 1417 2288 tellus

76 2335 141 2367 an
178 2317 343 2368 media
377 2328 426 2367 et
461 2335 623 2368 rursus
661 2319 850 2368 mundo
885 2318 1137 2368 succincta
1171 2318 1354 2369 latenti.

78 2398 189 2448 finis
225 2409 339 2459 erat,
378 2399 538 2449 differt
572 2399 741 2449 avidas
776 2398 947 2449 audire
982 2415 1186 2459 sorores,
1649 2408 1730 2461 365

74 2480 299 2543 dumque
334 2481 510 2543 chelyn
547 2482 684 2529 lauro
719 2488 1006 2544 textumque
1041 2482 1243 2530 inlustre
1279 2496 1491 2531 coronae

43 2615 57 2655 ᾗ
130 2620 210 2658 344
237 2608 349 2648 votis
367 2607 435 2647 P:
462 2608 548 2647 voti
569 2606 639 2646 ωδ
816 2621 895 2659 347
926 2609 1082 2659 pressit
1101 2608 1144 2647 P
1322 2622 1398 2660 351
1432 2617 1551 2650 erant
1571 2611 1732 2653 Slater:

78 2667 170 2702 erat
187 2661 300 2701 codd.
448 2674 528 2712 353
557 2662 653 2702 facit
673 2662 715 2701 P
850 2675 931 2713 354
961 2663 1100 2713 spatio
1121 2664 1166 2715 (u
1185 2670 1276 2714 sup.
1300 2677 1325 2704 o
1347 2668 1443 2717 scr.)
1467 2665 1507 2716 Q
1583 2687 1587 2690 -
1652 2680 1731 2718 357

77 2716 222 2756 turbas
243 2716 286 2766 (e
304 2722 395 2767 sup.
417 2729 457 2767 u,
482 2730 503 2755 r
521 2722 611 2767 sup.
635 2716 673 2767 b,
696 2715 792 2757 add.
815 2717 867 2756 al.
894 2717 970 2769 m.)
990 2716 1033 2756 P
1155 2721 1236 2768 358
1265 2718 1348 2757 deo
1367 2718 1410 2757 P
1527 2732 1610 2770 359
1639 2722 1733 2771 pius

78 2769 284 2822 BQNKS
301 2784 311 2809 ε
346 2770 443 2821 pios
461 2769 544 2810 PD
654 2777 846 2810 cantarat
875 2770 1005 2810 PDN
1017 2785 1026 2810 ε
1056 2774 1252 2812 cantabat
1282 2772 1421 2824 BQA,
1458 2772 1505 2812 de
1536 2774 1618 2814 KS
1649 2789 1733 2814 non

78 2824 206 2876 liquet
392 2826 469 2874 361
503 2826 659 2864 mentis
690 2829 733 2876 (v
764 2831 855 2876 sup.
879 2838 934 2865 m.
958 2824 1071 2877 add.)
1094 2825 1133 2876 Q
1310 2829 1391 2876 362
1420 2827 1533 2867 bibat
1551 2827 1603 2879 P,
1627 2830 1734 2870 unde

79 2878 328 2918 immensum
349 2892 433 2929 quo
452 2878 568 2918 sonte
588 2879 702 2918 bibat
720 2879 964 2919 Phillimore
1070 2880 1174 2921 solis
1194 2880 1258 2922 P:
1289 2881 1404 2921 soles
1419 2881 1487 2922 ωδ
1625 2887 1733 2934 362-

80 2934 162 2984 363
189 2932 439 2986 interpunxit
462 2932 634 2973 Wilkins
650 2935 703 2987 (ἒ)
859 2936 939 2985 363
969 2946 1051 2984 quo
1070 2933 1114 2973 P
1246 2937 1326 2987 364
1357 2936 1558 2977 subvecta
1577 2936 1622 2976 D
