1884 3204
941 71 1350 119 THEBAIDOS
1386 73 1603 120 LIBER
1639 74 1714 121 IV

69 204 266 256 exuviae
300 204 522 253 cecidere
555 204 735 264 tholis;
780 205 877 253 hoc
911 205 1106 268 segnior
1138 222 1279 254 arcus

13 325 16 334 ,
67 284 384 347 difficilesque
419 300 592 332 manus
628 293 677 332 et
710 285 846 333 nullo
882 283 934 332 in
967 286 1167 334 vulnere
1202 296 1374 335 certae.

66 372 292 427 exspecta
324 365 444 412 dum
480 363 635 412 maior
668 365 842 423 honos,
880 365 1001 413 dum
1042 365 1227 414 firmius
1262 383 1453 425 aevum,
1636 385 1712 427 335

64 445 185 494 dum
219 443 369 493 roseis
402 443 536 492 venit
569 444 744 493 umbra
774 444 912 507 genis
946 447 1208 508 vultusque
1242 448 1479 495 recedunt

65 539 148 572 ore
182 522 278 572 mei
294 541 308 583 3
354 532 471 572 tunc
506 523 636 572 bella
670 523 759 572 tibi
798 526 1090 587 ferrumque,
1130 527 1274 592 quod*
1301 528 1455 586 ardeS,

6 640 11 643 -
65 603 168 667 ipsa
202 604 334 653 dabo
369 612 417 652 et
452 605 589 652 nullo
625 603 791 652 matris
829 605 1122 653 revocabere
1158 607 1290 654 fletu.

39 700 194 736 ,nunc
227 684 350 732 refer
382 700 516 731 arma
550 685 785 732 domum!
832 701 920 733 vos
954 694 1121 733 autem
1157 687 1290 734 hunc
1325 685 1394 734 ire
1429 685 1612 746 sinetis,

61 765 292 822 Arcades,
329 780 360 812 o
395 763 519 812 saxis
555 764 785 813 nimirum
821 775 869 814 et
904 766 1079 814 robore
1115 765 1217 814 nati
1237 768 1273 814 1²
1633 785 1714 825 340

24 878 27 882 -
60 844 198 907 plura
231 843 398 907 cupit;
443 843 536 892 susi
571 843 755 893 circum
791 854 1034 908 natusque
1069 847 1321 909 ducesque

59 925 276 973 solantur
310 924 638 988 minuuntque
673 935 846 986 metus,
884 935 933 975 et
967 926 1065 975 iam
1100 927 1299 977 horrida
1331 929 1566 991 clangunt

59 1003 196 1067 signa
230 1005 391 1054 tubae.
462 1006 634 1069 nequit
667 1006 750 1055 illa
783 1006 867 1071 pio
902 1007 1148 1057 dimittere
1182 1017 1353 1056 natum

1 1089 4 1091 ’
58 1086 318 1149 complexu
355 1088 664 1150 multumque
699 1088 815 1137 duci
849 1090 1167 1138 commendat
1201 1091 1428 1138 Adrasto.

126 1168 193 1214 At
227 1176 363 1229 parte
398 1184 458 1216 ex
491 1168 586 1216 alia
622 1169 802 1218 Cadmi
842 1169 1086 1219 Mavortia
1121 1171 1304 1233 plebes,
1635 1187 1713 1230 345

60 1256 244 1295 maesta
277 1247 417 1295 ducis
451 1248 586 1297 furiis
622 1265 714 1298 nec
750 1249 886 1298 molli
922 1249 1084 1298 territa
1117 1251 1261 1310 fama,

61 1327 262 1388 quando
298 1326 373 1375 his
409 1330 661 1391 vulgatum
697 1331 1000 1379 descendere
1036 1330 1218 1379 viribus
1255 1333 1426 1393 Argos,

59 1406 241 1456 tardius
276 1407 358 1456 illa
393 1407 595 1470 quidem
630 1408 754 1472 regis
790 1426 1067 1472 causaeque
1102 1412 1307 1473 pudore,

57 1503 224 1538 verum
257 1488 387 1537 bella
420 1498 599 1538 movet.
671 1489 793 1538 nulli
828 1489 1127 1553 destringere
1162 1492 1341 1539 ferrum

57 1568 268 1631 impetus
302 1577 386 1617 aut
420 1586 616 1618 umeros
651 1569 812 1633 clipeo
854 1570 1085 1619 clausisse
1120 1580 1327 1633 paterno
1630 1590 1712 1633 350

57 1650 201 1698 dulce
235 1666 328 1698 nec
360 1649 612 1712 alipedum
646 1650 759 1713 iuga
793 1668 1002 1711 comere,
1040 1651 1204 1715 qualia
1239 1652 1355 1701 belli

55 1729 263 1792 gaudia3
308 1729 487 1779 deiecti
522 1730 736 1794 trepidas
772 1730 878 1781 sine
914 1741 1093 1792 mente,
1133 1732 1238 1781 sine
1272 1732 1342 1781 ira

56 1809 321 1872 promisere
356 1827 563 1872 manus;
609 1811 691 1860 hic
724 1829 869 1875 aegra
902 1812 954 1861 in
989 1822 1118 1862 sorte
1153 1823 1408 1877 parentem

57 1889 363 1951 unanimum,
398 1891 479 1940 hic
513 1891 672 1941 dulcis
708 1892 986 1955 primaevae
1020 1893 1244 1956 coniugis
1279 1911 1436 1943 annos

55 1970 257 2034 ingemit
292 1980 341 2021 et
373 1971 560 2034 gremio
595 1972 798 2022 miseros
831 1975 1115 2023 adcrescere
1150 1983 1306 2023 natos.
1631 1994 1681 2034 35
1689 1997 1710 2036 5

56 2052 261 2100 bellator
294 2051 415 2100 nulli
451 2052 599 2101 caluit
633 2054 789 2114 deus3
842 2053 948 2117 ipsa
981 2064 1175 2103 vetusto

57 2131 254 2180 moenia
286 2134 422 2195 lapsa
455 2132 551 2181 situ
586 2150 890 2197 magnaeque
925 2135 1222 2198 Amphionis
1255 2153 1392 2185 arces

57 2212 154 2260 iam
188 2213 371 2261 fessum
408 2213 546 2262 senio
581 2215 771 2263 nudant
806 2217 946 2275 latus,
985 2225 1033 2265 et
1068 2218 1166 2266 fide
1203 2234 1338 2266 sacra

55 2302 291 2355 aequatos
327 2295 464 2342 caelo
499 2296 703 2343 surdum
737 2304 886 2358 atque
921 2295 1138 2359 ignobile
1174 2314 1340 2346 muros

56 2374 215 2422 firmat
249 2389 388 2436 opus,
449 2383 616 2423 tamen
652 2384 701 2424 et
738 2376 938 2424 Boeotis
974 2377 1179 2426 urbibus
1214 2378 1358 2426 ultrix
1629 2388 1710 2437 360

54 2453 270 2517 adspirat
303 2453 414 2502 ferri
449 2454 625 2516 rabies,
660 2473 754 2505 nec
789 2457 913 2519 regis
947 2456 1104 2520 iniqui

54 2533 289 2593 subsidio,
328 2545 568 2597 quantum
605 2536 739 2585 socia
772 2554 861 2600 pro
895 2547 1041 2600 gente
1077 2549 1349 2588 moventur.

54 2613 134 2663 ille
169 2615 302 2663 velut
336 2614 526 2678 pecoris
562 2617 706 2679 lupus
742 2627 1044 2681 expugnator
1079 2618 1250 2682 opimi,

106 2753 186 2792 333
214 2741 309 2781 hinc
329 2742 440 2793 vulg.
623 2755 705 2793 334
735 2757 859 2783 cerae
878 2745 919 2783 P
1105 2757 1185 2795 335
1215 2747 1313 2785 dum
1338 2748 1498 2788 firmius
1523 2748 1634 2789 PD:
1664 2758 1707 2790 et

55 2795 216 2835 firmius
232 2795 404 2846 BQKN
561 2800 749 2848 346—347
782 2803 936 2849 transp.
958 2799 1035 2839 ΒΞ
1176 2803 1258 2850 346
1287 2802 1385 2840 belli
1403 2803 1493 2843 edd.
1515 2805 1712 2843 nonnulli

55 2861 131 2899 351
161 2849 281 2902 belli]
296 2849 410 2900 vulgi
423 2850 510 2890 edd.
527 2855 616 2892 vett.
726 2864 807 2902 352
838 2853 1058 2893 disiectiP
1163 2866 1242 2905 357
1270 2855 1389 2907 lapsa
1406 2856 1489 2895 PD
1507 2871 1518 2898 ε
1546 2858 1659 2898 lassa
1677 2874 1708 2897 ω
