<?xml version="1.0" encoding="UTF-8"?>
<!DOCTYPE html PUBLIC "-//W3C//DTD XHTML 1.0 Transitional//EN"
    "http://www.w3.org/TR/xhtml1/DTD/xhtml1-transitional.dtd">
<html xmlns="http://www.w3.org/1999/xhtml" xml:lang="en" lang="en">
 <head>
  <title>
</title>
<meta http-equiv="Content-Type" content="text/html;charset=utf-8" />
  <meta name='ocr-system' content='tesseract 3.04.00' />
  <meta name='ocr-capabilities' content='ocr_page ocr_carea ocr_par ocr_line ocrx_word'/>
</head>
<body>
  <div class='ocr_page' id='page_1' title='image "./thebaisetachille00statuoft_0396.png"; bbox 0 0 1884 3204; ppageno 0'>
   <div class='ocr_carea' id='block_1_1' title="bbox 89 105 677 155">
    <p class='ocr_par' dir='ltr' id='par_1_1' title="bbox 89 105 677 155">
     <span class='ocr_line' id='line_1_1' title="bbox 89 105 677 155; baseline 0.005 -3"><span class='ocrx_word' id='word_1_1' title='bbox 89 107 142 152; x_wconf 90' lang='lat' dir='ltr'>P.</span> <span class='ocrx_word' id='word_1_2' title='bbox 185 105 430 154; x_wconf 89' lang='grc' dir='ltr'>ΡΑΡΙΝΙ</span> <span class='ocrx_word' id='word_1_3' title='bbox 467 107 548 155; x_wconf 91' lang='lat' dir='ltr'>ST</span> <span class='ocrx_word' id='word_1_4' title='bbox 553 107 677 155; x_wconf 91' lang='lat' dir='ltr'>ATI</span> 
     </span>
    </p>
   </div>
   <div class='ocr_carea' id='block_1_2' title="bbox 87 234 1755 2326">
    <p class='ocr_par' dir='ltr' id='par_1_2' title="bbox 87 234 1755 2326">
     <span class='ocr_line' id='line_1_2' title="bbox 195 234 1613 306; baseline 0.005 -24"><span class='ocrx_word' id='word_1_5' title='bbox 195 237 207 261; x_wconf 88' lang='lat'>‘</span> <span class='ocrx_word' id='word_1_6' title='bbox 226 236 316 283; x_wconf 91' lang='lat' dir='ltr'>Me</span> <span class='ocrx_word' id='word_1_7' title='bbox 351 234 454 295; x_wconf 87' lang='lat' dir='ltr'>tibi,</span> <span class='ocrx_word' id='word_1_8' title='bbox 494 253 605 285; x_wconf 88' lang='lat' dir='ltr'>care</span> <span class='ocrx_word' id='word_1_9' title='bbox 640 245 779 300; x_wconf 89' lang='lat' dir='ltr'>pater</span> <span class='ocrx_word' id='word_1_10' title='bbox 814 236 1047 303; x_wconf 91' lang='lat' dir='ltr'>(dubium</span> <span class='ocrx_word' id='word_1_11' title='bbox 1083 238 1546 303; x_wconf 69' lang='lat' dir='ltr'>dimit&#39;te&#39;pavorem</span> <span class='ocrx_word' id='word_1_12' title='bbox 1567 238 1613 306; x_wconf 73' lang='grc' dir='ltr'>Ξ),</span> 
     </span>
     <span class='ocr_line' id='line_1_3' title="bbox 191 316 1612 383; baseline 0.006 -20"><span class='ocrx_word' id='word_1_13' title='bbox 191 332 271 364; x_wconf 90' lang='lat' dir='ltr'>me</span> <span class='ocrx_word' id='word_1_14' title='bbox 307 316 447 365; x_wconf 84' lang='lat' dir='ltr'><strong>dedit</strong></span> <span class='ocrx_word' id='word_1_15' title='bbox 481 319 613 366; x_wconf 89' lang='lat' dir='ltr'>alma</span> <span class='ocrx_word' id='word_1_16' title='bbox 647 318 852 368; x_wconf 89' lang='lat' dir='ltr'>Thetis:</span> <span class='ocrx_word' id='word_1_17' title='bbox 893 329 941 369; x_wconf 90' lang='lat' dir='ltr'>te</span> <span class='ocrx_word' id='word_1_18' title='bbox 977 319 1169 383; x_wconf 85' lang='lat' dir='ltr'>pridem</span> <span class='ocrx_word' id='word_1_19' title='bbox 1205 329 1342 369; x_wconf 86' lang='lat' dir='ltr'>tanta</span> <span class='ocrx_word' id='word_1_20' title='bbox 1378 322 1612 371; x_wconf 85' lang='lat' dir='ltr'>manebat</span> 
     </span>
     <span class='ocr_line' id='line_1_4' title="bbox 91 396 1494 462; baseline 0.005 -18"><span class='ocrx_word' id='word_1_21' title='bbox 91 416 172 444; x_wconf 80' lang='lat'>220</span> <span class='ocrx_word' id='word_1_22' title='bbox 196 396 364 458; x_wconf 87' lang='lat' dir='ltr'>gloria,</span> <span class='ocrx_word' id='word_1_23' title='bbox 408 398 687 461; x_wconf 90' lang='lat' dir='ltr'>quaesitum</span> <span class='ocrx_word' id='word_1_24' title='bbox 725 401 914 449; x_wconf 85' lang='lat' dir='ltr'>Danais</span> <span class='ocrx_word' id='word_1_25' title='bbox 949 410 1002 449; x_wconf 92' lang='lat' dir='ltr'>tu</span> <span class='ocrx_word' id='word_1_26' title='bbox 1039 400 1193 450; x_wconf 92' lang='lat' dir='ltr'>mittis</span> <span class='ocrx_word' id='word_1_27' title='bbox 1229 401 1494 462; x_wconf 86' lang='lat' dir='ltr'><strong>Achillem,</strong></span> 
     </span>
     <span class='ocr_line' id='line_1_5' title="bbox 188 477 1754 545; baseline 0.004 -20"><span class='ocrx_word' id='word_1_28' title='bbox 188 477 368 540; x_wconf 85' lang='lat' dir='ltr'>gratior</span> <span class='ocrx_word' id='word_1_29' title='bbox 403 488 452 527; x_wconf 93' lang='lat' dir='ltr'>et</span> <span class='ocrx_word' id='word_1_30' title='bbox 488 497 683 544; x_wconf 88' lang='lat' dir='ltr'>magno,</span> <span class='ocrx_word' id='word_1_31' title='bbox 721 481 761 530; x_wconf 92' lang='lat' dir='ltr'>si</span> <span class='ocrx_word' id='word_1_32' title='bbox 797 483 869 531; x_wconf 90' lang='lat' dir='ltr'>fas</span> <span class='ocrx_word' id='word_1_33' title='bbox 905 482 1101 542; x_wconf 85' lang='lat' dir='ltr'>dixisse,</span> <span class='ocrx_word' id='word_1_34' title='bbox 1138 492 1343 545; x_wconf 86' lang='lat' dir='ltr'>parente</span> <span class='ocrx_word' id='word_1_35' title='bbox 1671 492 1754 545; x_wconf 86' lang='lat'>895</span> 
     </span>
     <span class='ocr_line' id='line_1_6' title="bbox 190 560 1488 628; baseline 0.005 -21"><span class='ocrx_word' id='word_1_36' title='bbox 190 568 238 607; x_wconf 90' lang='lat' dir='ltr'>et</span> <span class='ocrx_word' id='word_1_37' title='bbox 274 560 410 609; x_wconf 90' lang='lat' dir='ltr'>dulci</span> <span class='ocrx_word' id='word_1_38' title='bbox 446 561 665 611; x_wconf 88' lang='lat' dir='ltr'>Chirone</span> <span class='ocrx_word' id='word_1_39' title='bbox 686 563 837 612; x_wconf 85' lang='lat' dir='ltr'>mihi.</span> <span class='ocrx_word' id='word_1_40' title='bbox 911 566 999 613; x_wconf 88' lang='lat' dir='ltr'>sed</span> <span class='ocrx_word' id='word_1_41' title='bbox 1036 565 1189 612; x_wconf 89' lang='lat' dir='ltr'>corda</span> <span class='ocrx_word' id='word_1_42' title='bbox 1222 581 1488 628; x_wconf 82' lang='lat' dir='ltr'>parumper</span> 
     </span>
     <span class='ocr_line' id='line_1_7' title="bbox 189 642 1649 709; baseline 0.005 -21"><span class='ocrx_word' id='word_1_43' title='bbox 189 642 288 689; x_wconf 88' lang='lat' dir='ltr'>huc</span> <span class='ocrx_word' id='word_1_44' title='bbox 322 643 524 691; x_wconf 89' lang='lat' dir='ltr'>adverte</span> <span class='ocrx_word' id='word_1_45' title='bbox 558 643 719 693; x_wconf 92' lang='lat' dir='ltr'>libens</span> <span class='ocrx_word' id='word_1_46' title='bbox 753 653 904 707; x_wconf 87' lang='lat' dir='ltr'>atque</span> <span class='ocrx_word' id='word_1_47' title='bbox 940 647 1028 693; x_wconf 88' lang='lat' dir='ltr'>has</span> <span class='ocrx_word' id='word_1_48' title='bbox 1064 645 1228 694; x_wconf 93' lang='lat' dir='ltr'>bonus</span> <span class='ocrx_word' id='word_1_49' title='bbox 1263 645 1435 709; x_wconf 84' lang='lat' dir='ltr'>accipe</span> <span class='ocrx_word' id='word_1_50' title='bbox 1469 662 1649 695; x_wconf 88' lang='lat' dir='ltr'>voces:</span> 
     </span>
     <span class='ocr_line' id='line_1_8' title="bbox 190 723 1660 792; baseline 0.004 -23"><span class='ocrx_word' id='word_1_51' title='bbox 190 723 367 771; x_wconf 90' lang='lat' dir='ltr'>Peleus</span> <span class='ocrx_word' id='word_1_52' title='bbox 403 732 454 772; x_wconf 92' lang='lat' dir='ltr'>te</span> <span class='ocrx_word' id='word_1_53' title='bbox 488 734 607 773; x_wconf 87' lang='lat' dir='ltr'>nato</span> <span class='ocrx_word' id='word_1_54' title='bbox 643 742 869 774; x_wconf 85' lang='lat' dir='ltr'>socerum</span> <span class='ocrx_word' id='word_1_55' title='bbox 906 735 955 775; x_wconf 88' lang='lat' dir='ltr'>et</span> <span class='ocrx_word' id='word_1_56' title='bbox 990 726 1165 775; x_wconf 90' lang='lat' dir='ltr'>Thetis</span> <span class='ocrx_word' id='word_1_57' title='bbox 1202 726 1399 790; x_wconf 86' lang='lat' dir='ltr'>hospita</span> <span class='ocrx_word' id='word_1_58' title='bbox 1433 726 1660 792; x_wconf 89' lang='lat' dir='ltr'>iungunt,</span> 
     </span>
     <span class='ocr_line' id='line_1_9' title="bbox 90 804 1452 870; baseline 0.005 -21"><span class='ocrx_word' id='word_1_59' title='bbox 90 822 136 849; x_wconf 78' lang='lat'>22</span> <span class='ocrx_word' id='word_1_60' title='bbox 146 822 166 861; x_wconf 83' lang='lat'><strong><em>5</em></strong></span> <span class='ocrx_word' id='word_1_61' title='bbox 194 804 526 867; x_wconf 87' lang='lat' dir='ltr'>adlegantque</span> <span class='ocrx_word' id='word_1_62' title='bbox 561 822 677 854; x_wconf 92' lang='lat' dir='ltr'>suos</span> <span class='ocrx_word' id='word_1_63' title='bbox 712 816 923 869; x_wconf 91' lang='lat' dir='ltr'>utroque</span> <span class='ocrx_word' id='word_1_64' title='bbox 957 823 987 856; x_wconf 90' lang='lat' dir='ltr'>a</span> <span class='ocrx_word' id='word_1_65' title='bbox 1023 807 1262 870; x_wconf 88' lang='lat' dir='ltr'>sanguine</span> <span class='ocrx_word' id='word_1_66' title='bbox 1297 807 1452 856; x_wconf 88' lang='lat' dir='ltr'>divos.</span> 
     </span>
     <span class='ocr_line' id='line_1_10' title="bbox 188 884 1755 950; baseline 0.004 -20"><span class='ocrx_word' id='word_1_67' title='bbox 188 900 340 931; x_wconf 90' lang='lat' dir='ltr'>unam</span> <span class='ocrx_word' id='word_1_68' title='bbox 375 884 595 946; x_wconf 89' lang='lat' dir='ltr'>virgineo</span> <span class='ocrx_word' id='word_1_69' title='bbox 630 894 855 934; x_wconf 90' lang='lat' dir='ltr'>natarum</span> <span class='ocrx_word' id='word_1_70' title='bbox 893 903 953 935; x_wconf 87' lang='lat' dir='ltr'>ex</span> <span class='ocrx_word' id='word_1_71' title='bbox 986 886 1184 949; x_wconf 86' lang='lat' dir='ltr'>agmine</span> <span class='ocrx_word' id='word_1_72' title='bbox 1219 897 1462 950; x_wconf 85' lang='lat' dir='ltr'>poscunt:</span> <span class='ocrx_word' id='word_1_73' title='bbox 1672 908 1755 949; x_wconf 87' lang='lat'>900</span> 
     </span>
     <span class='ocr_line' id='line_1_11' title="bbox 186 965 1707 1031; baseline 0.005 -19"><span class='ocrx_word' id='word_1_74' title='bbox 186 965 380 1014; x_wconf 84' lang='lat' dir='ltr'>dasne?</span> <span class='ocrx_word' id='word_1_75' title='bbox 419 982 485 1014; x_wconf 91' lang='lat' dir='ltr'>an</span> <span class='ocrx_word' id='word_1_76' title='bbox 519 983 640 1029; x_wconf 89' lang='lat' dir='ltr'>gens</span> <span class='ocrx_word' id='word_1_77' title='bbox 676 966 876 1016; x_wconf 90' lang='lat' dir='ltr'>humilis</span> <span class='ocrx_word' id='word_1_78' title='bbox 913 966 1003 1016; x_wconf 90' lang='lat' dir='ltr'>tibi</span> <span class='ocrx_word' id='word_1_79' title='bbox 1039 969 1408 1031; x_wconf 85' lang='lat' dir='ltr'>degeneresque</span> <span class='ocrx_word' id='word_1_80' title='bbox 1443 968 1707 1019; x_wconf 84' lang='lat' dir='ltr'>videmur?</span> 
     </span>
     <span class='ocr_line' id='line_1_12' title="bbox 186 1046 1632 1112; baseline 0.006 -20"><span class='ocrx_word' id='word_1_81' title='bbox 186 1062 291 1093; x_wconf 91' lang='lat' dir='ltr'>non</span> <span class='ocrx_word' id='word_1_82' title='bbox 325 1046 504 1095; x_wconf 92' lang='lat' dir='ltr'>renuis.</span> <span class='ocrx_word' id='word_1_83' title='bbox 577 1047 726 1111; x_wconf 88' lang='lat' dir='ltr'>iunge</span> <span class='ocrx_word' id='word_1_84' title='bbox 761 1065 877 1111; x_wconf 90' lang='lat' dir='ltr'>ergo</span> <span class='ocrx_word' id='word_1_85' title='bbox 914 1065 1089 1097; x_wconf 87' lang='lat' dir='ltr'>manus</span> <span class='ocrx_word' id='word_1_86' title='bbox 1126 1058 1175 1097; x_wconf 92' lang='lat' dir='ltr'>et</span> <span class='ocrx_word' id='word_1_87' title='bbox 1210 1049 1420 1112; x_wconf 90' lang='lat' dir='ltr'>concipe</span> <span class='ocrx_word' id='word_1_88' title='bbox 1454 1051 1632 1100; x_wconf 90' lang='lat' dir='ltr'>foedus</span> 
     </span>
     <span class='ocr_line' id='line_1_13' title="bbox 186 1126 1485 1192; baseline 0.005 -19"><span class='ocrx_word' id='word_1_89' title='bbox 186 1135 337 1189; x_wconf 90' lang='lat' dir='ltr'>atque</span> <span class='ocrx_word' id='word_1_90' title='bbox 373 1126 576 1191; x_wconf 89' lang='lat' dir='ltr'>ignosce</span> <span class='ocrx_word' id='word_1_91' title='bbox 612 1128 723 1178; x_wconf 90' lang='lat' dir='ltr'>tuis.</span> <span class='ocrx_word' id='word_1_92' title='bbox 797 1129 949 1179; x_wconf 90' lang='lat' dir='ltr'>tacito</span> <span class='ocrx_word' id='word_1_93' title='bbox 984 1129 1084 1177; x_wconf 90' lang='lat' dir='ltr'>iam</span> <span class='ocrx_word' id='word_1_94' title='bbox 1120 1129 1318 1192; x_wconf 87' lang='lat' dir='ltr'>cognita</span> <span class='ocrx_word' id='word_1_95' title='bbox 1353 1132 1485 1180; x_wconf 87' lang='lat' dir='ltr'>furto</span> 
     </span>
     <span class='ocr_line' id='line_1_14' title="bbox 88 1207 1578 1274; baseline 0.004 -19"><span class='ocrx_word' id='word_1_96' title='bbox 88 1228 108 1255; x_wconf 87' lang='lat'><em>2</em></span> <span class='ocrx_word' id='word_1_97' title='bbox 118 1226 167 1264; x_wconf 82' lang='lat'>30</span> <span class='ocrx_word' id='word_1_98' title='bbox 188 1207 466 1258; x_wconf 89' lang='lat' dir='ltr'>Deidamea</span> <span class='ocrx_word' id='word_1_99' title='bbox 501 1209 623 1258; x_wconf 92' lang='lat' dir='ltr'>mihi</span> <span class='ocrx_word' id='word_1_100' title='bbox 641 1228 655 1271; x_wconf 77' lang='lat'><em>3</em></span> <span class='ocrx_word' id='word_1_101' title='bbox 697 1209 819 1274; x_wconf 91' lang='lat' dir='ltr'>quid</span> <span class='ocrx_word' id='word_1_102' title='bbox 855 1210 989 1259; x_wconf 85' lang='lat' dir='ltr'>enim</span> <span class='ocrx_word' id='word_1_103' title='bbox 1027 1210 1104 1258; x_wconf 89' lang='lat' dir='ltr'>his</span> <span class='ocrx_word' id='word_1_104' title='bbox 1139 1211 1337 1271; x_wconf 89' lang='lat' dir='ltr'>obstare</span> <span class='ocrx_word' id='word_1_105' title='bbox 1371 1211 1578 1272; x_wconf 91' lang='lat' dir='ltr'>lacertis,</span> 
     </span>
     <span class='ocr_line' id='line_1_15' title="bbox 187 1290 1754 1356; baseline 0.002 -18"><span class='ocrx_word' id='word_1_106' title='bbox 187 1306 285 1352; x_wconf 89' lang='lat' dir='ltr'>qua</span> <span class='ocrx_word' id='word_1_107' title='bbox 321 1290 483 1353; x_wconf 92' lang='lat' dir='ltr'>potuit</span> <span class='ocrx_word' id='word_1_108' title='bbox 518 1300 710 1340; x_wconf 89' lang='lat' dir='ltr'>nostras</span> <span class='ocrx_word' id='word_1_109' title='bbox 746 1308 977 1355; x_wconf 86' lang='lat' dir='ltr'>possessa</span> <span class='ocrx_word' id='word_1_110' title='bbox 1010 1293 1247 1355; x_wconf 86' lang='lat' dir='ltr'>repellere</span> <span class='ocrx_word' id='word_1_111' title='bbox 1282 1291 1434 1341; x_wconf 87' lang='lat' dir='ltr'>viris?</span> <span class='ocrx_word' id='word_1_112' title='bbox 1675 1313 1754 1356; x_wconf 83' lang='lat'>905</span> 
     </span>
     <span class='ocr_line' id='line_1_16' title="bbox 186 1371 1630 1438; baseline 0.003 -20"><span class='ocrx_word' id='word_1_113' title='bbox 186 1387 267 1419; x_wconf 93' lang='lat' dir='ltr'>me</span> <span class='ocrx_word' id='word_1_114' title='bbox 303 1373 437 1420; x_wconf 92' lang='lat' dir='ltr'>luere</span> <span class='ocrx_word' id='word_1_115' title='bbox 473 1371 567 1422; x_wconf 89' lang='lat' dir='ltr'>ista</span> <span class='ocrx_word' id='word_1_116' title='bbox 600 1372 718 1421; x_wconf 91' lang='lat' dir='ltr'>iube</span> <span class='ocrx_word' id='word_1_117' title='bbox 735 1391 748 1433; x_wconf 83' lang='lat'><em>3</em></span> <span class='ocrx_word' id='word_1_118' title='bbox 790 1390 926 1436; x_wconf 92' lang='lat' dir='ltr'>pono</span> <span class='ocrx_word' id='word_1_119' title='bbox 961 1390 1098 1421; x_wconf 90' lang='lat' dir='ltr'>arma</span> <span class='ocrx_word' id='word_1_120' title='bbox 1134 1382 1183 1422; x_wconf 94' lang='lat' dir='ltr'>et</span> <span class='ocrx_word' id='word_1_121' title='bbox 1219 1374 1376 1422; x_wconf 92' lang='lat' dir='ltr'>reddo</span> <span class='ocrx_word' id='word_1_122' title='bbox 1413 1373 1630 1438; x_wconf 88' lang='lat' dir='ltr'>Pelasgis</span> 
     </span>
     <span class='ocr_line' id='line_1_17' title="bbox 188 1453 1697 1517; baseline 0.002 -18"><span class='ocrx_word' id='word_1_123' title='bbox 188 1460 236 1500; x_wconf 89' lang='lat' dir='ltr'>et</span> <span class='ocrx_word' id='word_1_124' title='bbox 273 1469 466 1502; x_wconf 89' lang='lat' dir='ltr'>maneo.</span> <span class='ocrx_word' id='word_1_125' title='bbox 541 1453 663 1517; x_wconf 91' lang='lat' dir='ltr'>quid</span> <span class='ocrx_word' id='word_1_126' title='bbox 699 1454 834 1503; x_wconf 89' lang='lat' dir='ltr'>triste</span> <span class='ocrx_word' id='word_1_127' title='bbox 869 1454 1074 1504; x_wconf 83' lang='lat' dir='ltr'>fremis?</span> <span class='ocrx_word' id='word_1_128' title='bbox 1115 1453 1239 1517; x_wconf 91' lang='lat' dir='ltr'>quid</span> <span class='ocrx_word' id='word_1_129' title='bbox 1274 1454 1462 1503; x_wconf 89' lang='lat' dir='ltr'>lumina</span> <span class='ocrx_word' id='word_1_130' title='bbox 1497 1457 1697 1504; x_wconf 86' lang='lat' dir='ltr'>mutas?</span> 
     </span>
     <span class='ocr_line' id='line_1_18' title="bbox 186 1524 1739 1598; baseline 0.002 -18"><span class='ocrx_word' id='word_1_131' title='bbox 186 1532 285 1581; x_wconf 90' lang='lat' dir='ltr'>iam</span> <span class='ocrx_word' id='word_1_132' title='bbox 321 1550 462 1583; x_wconf 90' lang='lat' dir='ltr'>socer</span> <span class='ocrx_word' id='word_1_133' title='bbox 497 1551 550 1583; x_wconf 91' lang='lat' dir='ltr'>es</span> <span class='ocrx_word' id='word_1_134' title='bbox 565 1537 818 1584; x_wconf 89' lang='lat' dir='ltr'>&#39;——natum</span> <span class='ocrx_word' id='word_1_135' title='bbox 854 1544 971 1584; x_wconf 84' lang='lat' dir='ltr'>ante</span> <span class='ocrx_word' id='word_1_136' title='bbox 1005 1536 1160 1598; x_wconf 90' lang='lat' dir='ltr'>pedes</span> <span class='ocrx_word' id='word_1_137' title='bbox 1202 1524 1463 1598; x_wconf 88' lang='lat' dir='ltr'>prostravit</span> <span class='ocrx_word' id='word_1_138' title='bbox 1499 1545 1548 1585; x_wconf 93' lang='lat' dir='ltr'>et</span> <span class='ocrx_word' id='word_1_139' title='bbox 1582 1535 1739 1595; x_wconf 85' lang='lat' dir='ltr'>addit,</span> 
     </span>
     <span class='ocr_line' id='line_1_19' title="bbox 87 1613 1604 1679; baseline 0.004 -20"><span class='ocrx_word' id='word_1_140' title='bbox 87 1632 162 1671; x_wconf 76' lang='lat'>235</span> <span class='ocrx_word' id='word_1_141' title='bbox 195 1613 421 1677; x_wconf 86' lang='lat' dir='ltr'>‘iamque</span> <span class='ocrx_word' id='word_1_142' title='bbox 455 1632 604 1665; x_wconf 91' lang='lat' dir='ltr'>avus:</span> <span class='ocrx_word' id='word_1_143' title='bbox 648 1615 851 1665; x_wconf 88' lang='lat' dir='ltr'>immitis</span> <span class='ocrx_word' id='word_1_144' title='bbox 888 1615 1119 1679; x_wconf 87' lang='lat' dir='ltr'>quotiens</span> <span class='ocrx_word' id='word_1_145' title='bbox 1154 1615 1408 1664; x_wconf 86' lang='lat' dir='ltr'>iterabitur</span> <span class='ocrx_word' id='word_1_146' title='bbox 1442 1615 1604 1666; x_wconf 86' lang='lat' dir='ltr'>ensis!</span> 
     </span>
     <span class='ocr_line' id='line_1_20' title="bbox 186 1695 1753 1761; baseline 0.001 -19"><span class='ocrx_word' id='word_1_147' title='bbox 186 1695 330 1744; x_wconf 88' lang='lat' dir='ltr'>turba</span> <span class='ocrx_word' id='word_1_148' title='bbox 365 1698 567 1746; x_wconf 84' lang='lat' dir='ltr'>sumus.&#39;</span> <span class='ocrx_word' id='word_1_149' title='bbox 635 1706 755 1746; x_wconf 86' lang='lat' dir='ltr'>tunc</span> <span class='ocrx_word' id='word_1_150' title='bbox 790 1706 839 1746; x_wconf 93' lang='lat' dir='ltr'>et</span> <span class='ocrx_word' id='word_1_151' title='bbox 876 1697 1040 1746; x_wconf 84' lang='lat' dir='ltr'>Danai</span> <span class='ocrx_word' id='word_1_152' title='bbox 1074 1714 1161 1760; x_wconf 88' lang='lat' dir='ltr'>per</span> <span class='ocrx_word' id='word_1_153' title='bbox 1195 1714 1332 1745; x_wconf 89' lang='lat' dir='ltr'>sacra</span> <span class='ocrx_word' id='word_1_154' title='bbox 1367 1698 1621 1761; x_wconf 88' lang='lat' dir='ltr'>fidemque</span> <span class='ocrx_word' id='word_1_155' title='bbox 1671 1717 1753 1758; x_wconf 93' lang='lat'>910</span> 
     </span>
     <span class='ocr_line' id='line_1_21' title="bbox 186 1776 1492 1842; baseline 0.004 -19"><span class='ocrx_word' id='word_1_156' title='bbox 186 1776 389 1839; x_wconf 90' lang='lat' dir='ltr'>hospitii</span> <span class='ocrx_word' id='word_1_157' title='bbox 425 1777 740 1841; x_wconf 90' lang='lat' dir='ltr'>blandusque</span> <span class='ocrx_word' id='word_1_158' title='bbox 775 1795 979 1842; x_wconf 89' lang='lat' dir='ltr'>precum</span> <span class='ocrx_word' id='word_1_159' title='bbox 1015 1778 1272 1841; x_wconf 91' lang='lat' dir='ltr'>compellit</span> <span class='ocrx_word' id='word_1_160' title='bbox 1308 1777 1492 1828; x_wconf 86' lang='lat' dir='ltr'>Vlixes.</span> 
     </span>
     <span class='ocr_line' id='line_1_22' title="bbox 186 1857 1275 1922; baseline 0.004 -18"><span class='ocrx_word' id='word_1_161' title='bbox 186 1857 282 1917; x_wconf 91' lang='lat' dir='ltr'>ille,</span> <span class='ocrx_word' id='word_1_162' title='bbox 322 1857 414 1906; x_wconf 90' lang='lat' dir='ltr'>etsi</span> <span class='ocrx_word' id='word_1_163' title='bbox 449 1875 592 1908; x_wconf 88' lang='lat' dir='ltr'>carae</span> <span class='ocrx_word' id='word_1_164' title='bbox 626 1869 881 1922; x_wconf 91' lang='lat' dir='ltr'>comperta</span> <span class='ocrx_word' id='word_1_165' title='bbox 916 1859 1094 1907; x_wconf 90' lang='lat' dir='ltr'>iniuria</span> <span class='ocrx_word' id='word_1_166' title='bbox 1128 1868 1275 1908; x_wconf 90' lang='lat' dir='ltr'>natae</span> 
     </span>
     <span class='ocr_line' id='line_1_23' title="bbox 187 1938 1519 2003; baseline 0.002 -17"><span class='ocrx_word' id='word_1_167' title='bbox 187 1947 235 1986; x_wconf 89' lang='lat' dir='ltr'>et</span> <span class='ocrx_word' id='word_1_168' title='bbox 271 1939 500 1988; x_wconf 91' lang='lat' dir='ltr'>Thetidis</span> <span class='ocrx_word' id='word_1_169' title='bbox 536 1942 772 1989; x_wconf 88' lang='lat' dir='ltr'>mandata</span> <span class='ocrx_word' id='word_1_170' title='bbox 809 1949 1010 1989; x_wconf 91' lang='lat' dir='ltr'>movent</span> <span class='ocrx_word' id='word_1_171' title='bbox 1045 1939 1289 2003; x_wconf 89' lang='lat' dir='ltr'>prodique</span> <span class='ocrx_word' id='word_1_172' title='bbox 1324 1938 1519 1988; x_wconf 89' lang='lat' dir='ltr'>videtur</span> 
     </span>
     <span class='ocr_line' id='line_1_24' title="bbox 88 2020 1531 2085; baseline 0.003 -18"><span class='ocrx_word' id='word_1_173' title='bbox 88 2039 166 2078; x_wconf 88' lang='lat'>240</span> <span class='ocrx_word' id='word_1_174' title='bbox 191 2020 475 2084; x_wconf 91' lang='lat' dir='ltr'>depositum</span> <span class='ocrx_word' id='word_1_175' title='bbox 511 2030 614 2069; x_wconf 87' lang='lat' dir='ltr'>tam</span> <span class='ocrx_word' id='word_1_176' title='bbox 648 2023 834 2085; x_wconf 89' lang='lat' dir='ltr'>grande</span> <span class='ocrx_word' id='word_1_177' title='bbox 870 2022 1007 2081; x_wconf 88' lang='lat' dir='ltr'>deae,</span> <span class='ocrx_word' id='word_1_178' title='bbox 1046 2030 1212 2069; x_wconf 89' lang='lat' dir='ltr'>tamen</span> <span class='ocrx_word' id='word_1_179' title='bbox 1249 2020 1425 2070; x_wconf 90' lang='lat' dir='ltr'>obvius</span> <span class='ocrx_word' id='word_1_180' title='bbox 1460 2020 1531 2072; x_wconf 87' lang='lat' dir='ltr'>ire</span> 
     </span>
     <span class='ocr_line' id='line_1_25' title="bbox 187 2098 1750 2163; baseline -0.001 -17"><span class='ocrx_word' id='word_1_181' title='bbox 187 2107 261 2146; x_wconf 90' lang='lat' dir='ltr'>tot</span> <span class='ocrx_word' id='word_1_182' title='bbox 297 2099 472 2148; x_wconf 91' lang='lat' dir='ltr'>metuit</span> <span class='ocrx_word' id='word_1_183' title='bbox 506 2099 617 2148; x_wconf 88' lang='lat' dir='ltr'>fatis</span> <span class='ocrx_word' id='word_1_184' title='bbox 651 2099 934 2163; x_wconf 87' lang='lat' dir='ltr'>Argivaque</span> <span class='ocrx_word' id='word_1_185' title='bbox 967 2100 1100 2148; x_wconf 90' lang='lat' dir='ltr'>bella</span> <span class='ocrx_word' id='word_1_186' title='bbox 1135 2098 1312 2147; x_wconf 89' lang='lat' dir='ltr'>morari</span> <span class='ocrx_word' id='word_1_187' title='bbox 1329 2117 1342 2159; x_wconf 78' lang='lat'><em>3</em></span> <span class='ocrx_word' id='word_1_188' title='bbox 1671 2118 1750 2160; x_wconf 89' lang='lat'>915</span> 
     </span>
     <span class='ocr_line' id='line_1_26' title="bbox 187 2178 1604 2245; baseline 0.001 -18"><span class='ocrx_word' id='word_1_189' title='bbox 187 2181 286 2244; x_wconf 85' lang='lat' dir='ltr'>(fac</span> <span class='ocrx_word' id='word_1_190' title='bbox 322 2180 451 2243; x_wconf 85' lang='lat' dir='ltr'>velit,</span> <span class='ocrx_word' id='word_1_191' title='bbox 490 2180 650 2244; x_wconf 91' lang='lat' dir='ltr'>ipsam</span> <span class='ocrx_word' id='word_1_192' title='bbox 685 2181 785 2230; x_wconf 91' lang='lat' dir='ltr'>illic</span> <span class='ocrx_word' id='word_1_193' title='bbox 821 2190 1029 2230; x_wconf 90' lang='lat' dir='ltr'>matrem</span> <span class='ocrx_word' id='word_1_194' title='bbox 1065 2179 1327 2244; x_wconf 91' lang='lat' dir='ltr'>sprevisset</span> <span class='ocrx_word' id='word_1_195' title='bbox 1361 2178 1604 2245; x_wconf 90' lang='lat' dir='ltr'>Achilles)</span> 
     </span>
     <span class='ocr_line' id='line_1_27' title="bbox 186 2260 1444 2326; baseline 0.002 -17"><span class='ocrx_word' id='word_1_196' title='bbox 186 2278 280 2310; x_wconf 90' lang='lat' dir='ltr'>nec</span> <span class='ocrx_word' id='word_1_197' title='bbox 316 2270 485 2310; x_wconf 89' lang='lat' dir='ltr'>tamen</span> <span class='ocrx_word' id='word_1_198' title='bbox 521 2261 749 2312; x_wconf 89' lang='lat' dir='ltr'>abnuerit</span> <span class='ocrx_word' id='word_1_199' title='bbox 784 2279 967 2326; x_wconf 89' lang='lat' dir='ltr'>genero</span> <span class='ocrx_word' id='word_1_200' title='bbox 1003 2279 1055 2311; x_wconf 91' lang='lat' dir='ltr'>se</span> <span class='ocrx_word' id='word_1_201' title='bbox 1091 2261 1293 2324; x_wconf 90' lang='lat' dir='ltr'>iungere</span> <span class='ocrx_word' id='word_1_202' title='bbox 1328 2260 1444 2314; x_wconf 83' lang='lat' dir='ltr'>tali:</span> 
     </span>
    </p>
   </div>
   <div class='ocr_carea' id='block_1_3' title="bbox 83 2390 1756 2649">
    <p class='ocr_par' dir='ltr' id='par_1_3' title="bbox 83 2390 1756 2649">
     <span class='ocr_line' id='line_1_28' title="bbox 140 2390 1753 2442; baseline 0.001 -14"><span class='ocrx_word' id='word_1_203' title='bbox 140 2391 221 2440; x_wconf 84' lang='lat'>892</span> <span class='ocrx_word' id='word_1_204' title='bbox 250 2390 408 2429; x_wconf 90' lang='lat' dir='ltr'>dudum</span> <span class='ocrx_word' id='word_1_205' title='bbox 430 2392 608 2431; x_wconf 85' lang='lat' dir='ltr'>demitte</span> <span class='ocrx_word' id='word_1_206' title='bbox 627 2391 669 2430; x_wconf 92' lang='lat' dir='ltr'><em>E</em></span> <span class='ocrx_word' id='word_1_207' title='bbox 882 2403 1083 2441; x_wconf 86' lang='lat' dir='ltr'>pavorem</span> <span class='ocrx_word' id='word_1_208' title='bbox 1114 2395 1151 2428; x_wconf 89' lang='grc' dir='ltr'>Π</span> <span class='ocrx_word' id='word_1_209' title='bbox 1170 2405 1179 2429; x_wconf 90' lang='lat'><strong>:</strong></span> <span class='ocrx_word' id='word_1_210' title='bbox 1208 2391 1402 2430; x_wconf 87' lang='lat' dir='ltr'>timorem</span> <span class='ocrx_word' id='word_1_211' title='bbox 1421 2405 1453 2429; x_wconf 87' lang='grc' dir='ltr'><em>ω</em></span> <span class='ocrx_word' id='word_1_212' title='bbox 1670 2391 1753 2442; x_wconf 86' lang='grc'>893</span> 
     </span>
     <span class='ocr_line' id='line_1_29' title="bbox 86 2445 1756 2498; baseline 0.001 -16"><span class='ocrx_word' id='word_1_213' title='bbox 86 2446 274 2484; x_wconf 84' lang='lat' dir='ltr'>manebit</span> <span class='ocrx_word' id='word_1_214' title='bbox 304 2446 347 2484; x_wconf 90' lang='lat' dir='ltr'><em>E</em></span> <span class='ocrx_word' id='word_1_215' title='bbox 523 2448 603 2496; x_wconf 87' lang='lat'>895</span> <span class='ocrx_word' id='word_1_216' title='bbox 633 2460 717 2488; x_wconf 87' lang='lat' dir='ltr'>om.</span> <span class='ocrx_word' id='word_1_217' title='bbox 749 2446 806 2498; x_wconf 89' lang='lat' dir='ltr'>K,</span> <span class='ocrx_word' id='word_1_218' title='bbox 839 2446 936 2487; x_wconf 83' lang='lat' dir='ltr'>add.</span> <span class='ocrx_word' id='word_1_219' title='bbox 972 2459 1110 2497; x_wconf 83' lang='lat' dir='ltr'>marg.</span> <span class='ocrx_word' id='word_1_220' title='bbox 1149 2459 1220 2485; x_wconf 84' lang='lat' dir='ltr'>rec.</span> <span class='ocrx_word' id='word_1_221' title='bbox 1259 2458 1314 2485; x_wconf 85' lang='lat' dir='ltr'>m.</span> <span class='ocrx_word' id='word_1_222' title='bbox 1473 2445 1756 2498; x_wconf 89' lang='lat' dir='ltr'>parentemP</span> 
     </span>
     <span class='ocr_line' id='line_1_30' title="bbox 83 2512 1751 2596; baseline -0.003 -12"><span class='ocrx_word' id='word_1_223' title='bbox 83 2559 163 2595; x_wconf 79' lang='lat'>901</span> <span class='ocrx_word' id='word_1_224' title='bbox 197 2544 330 2582; x_wconf 88' lang='lat' dir='ltr'>dasne</span> <span class='ocrx_word' id='word_1_225' title='bbox 350 2558 404 2585; x_wconf 87' lang='lat' dir='ltr'>an</span> <span class='ocrx_word' id='word_1_226' title='bbox 424 2555 532 2596; x_wconf 83' lang='lat' dir='ltr'>gens</span> <span class='ocrx_word' id='word_1_227' title='bbox 554 2512 599 2596; x_wconf 54' lang='lat' dir='ltr'>[lai</span> <span class='ocrx_word' id='word_1_228' title='bbox 619 2543 661 2582; x_wconf 91' lang='lat' dir='ltr'><em>E</em></span> <span class='ocrx_word' id='word_1_229' title='bbox 680 2542 727 2594; x_wconf 89' lang='lat' dir='ltr'>(n</span> <span class='ocrx_word' id='word_1_230' title='bbox 750 2556 819 2583; x_wconf 83' lang='lat' dir='ltr'>rec.</span> <span class='ocrx_word' id='word_1_231' title='bbox 846 2543 945 2593; x_wconf 78' lang='lat' dir='ltr'>m.)]</span> <span class='ocrx_word' id='word_1_232' title='bbox 967 2546 1004 2581; x_wconf 87' lang='lat'>11</span> <span class='ocrx_word' id='word_1_233' title='bbox 1024 2556 1034 2582; x_wconf 73' lang='grc' dir='ltr'>ε</span> <span class='ocrx_word' id='word_1_234' title='bbox 1062 2543 1197 2581; x_wconf 86' lang='lat' dir='ltr'>dasne</span> <span class='ocrx_word' id='word_1_235' title='bbox 1227 2554 1306 2590; x_wconf 88' lang='lat' dir='ltr'>age</span> <span class='ocrx_word' id='word_1_236' title='bbox 1334 2554 1387 2580; x_wconf 87' lang='lat' dir='ltr'>an</span> <span class='ocrx_word' id='word_1_237' title='bbox 1416 2556 1447 2579; x_wconf 84' lang='grc' dir='ltr'>ω</span> <span class='ocrx_word' id='word_1_238' title='bbox 1583 2540 1751 2580; x_wconf 87' lang='lat' dir='ltr'>humilis</span> 
     </span>
     <span class='ocr_line' id='line_1_31' title="bbox 84 2593 1747 2649; baseline -0.004 -11"><span class='ocrx_word' id='word_1_239' title='bbox 84 2600 167 2638; x_wconf 86' lang='grc' dir='ltr'>ΕΚ</span> <span class='ocrx_word' id='word_1_240' title='bbox 182 2611 190 2635; x_wconf 86' lang='lat'><strong>:</strong></span> <span class='ocrx_word' id='word_1_241' title='bbox 221 2598 402 2640; x_wconf 85' lang='lat' dir='ltr'>humiles</span> <span class='ocrx_word' id='word_1_242' title='bbox 421 2600 502 2649; x_wconf 71' lang='grc' dir='ltr'>ΡΩ</span> <span class='ocrx_word' id='word_1_243' title='bbox 637 2610 717 2647; x_wconf 85' lang='lat'>902</span> <span class='ocrx_word' id='word_1_244' title='bbox 746 2610 889 2636; x_wconf 85' lang='lat' dir='ltr'>remus</span> <span class='ocrx_word' id='word_1_245' title='bbox 908 2598 950 2635; x_wconf 90' lang='lat' dir='ltr'><em>E</em></span> <span class='ocrx_word' id='word_1_246' title='bbox 1076 2608 1158 2646; x_wconf 85' lang='lat'>903</span> <span class='ocrx_word' id='word_1_247' title='bbox 1179 2596 1282 2648; x_wconf 86' lang='lat' dir='ltr'>tuis]</span> <span class='ocrx_word' id='word_1_248' title='bbox 1306 2609 1363 2634; x_wconf 81' lang='lat' dir='ltr'>cm</span> <span class='ocrx_word' id='word_1_249' title='bbox 1382 2595 1515 2636; x_wconf 69' lang='lat' dir='ltr'>toris?</span> <span class='ocrx_word' id='word_1_250' title='bbox 1645 2593 1747 2647; x_wconf 90' lang='lat' dir='ltr'>iam]</span> 
     </span>
    </p>
   </div>
   <div class='ocr_carea' id='block_1_4' title="bbox 76 2649 1754 2978">
    <p class='ocr_par' dir='ltr' id='par_1_4' title="bbox 76 2649 1754 2978">
     <span class='ocr_line' id='line_1_32' title="bbox 76 2649 1752 2706; baseline -0.004 -13"><span class='ocrx_word' id='word_1_251' title='bbox 76 2658 173 2705; x_wconf 80' lang='lat' dir='ltr'>fort.</span> <span class='ocrx_word' id='word_1_252' title='bbox 198 2666 294 2692; x_wconf 88' lang='lat' dir='ltr'>nam</span> <span class='ocrx_word' id='word_1_253' title='bbox 391 2667 474 2706; x_wconf 90' lang='lat'>905</span> <span class='ocrx_word' id='word_1_254' title='bbox 504 2665 587 2702; x_wconf 88' lang='lat' dir='ltr'>qua</span> <span class='ocrx_word' id='word_1_255' title='bbox 605 2651 673 2691; x_wconf 89' lang='lat' dir='ltr'>P:</span> <span class='ocrx_word' id='word_1_256' title='bbox 702 2652 786 2702; x_wconf 73' lang='lat' dir='ltr'>qE</span> <span class='ocrx_word' id='word_1_257' title='bbox 805 2666 816 2691; x_wconf 90' lang='lat'>:</span> <span class='ocrx_word' id='word_1_258' title='bbox 843 2652 945 2701; x_wconf 87' lang='lat' dir='ltr'>quid</span> <span class='ocrx_word' id='word_1_259' title='bbox 969 2652 1007 2702; x_wconf 78' lang='lat' dir='ltr'><em>Q</em></span> <span class='ocrx_word' id='word_1_260' title='bbox 1025 2657 1064 2690; x_wconf 83' lang='lat' dir='ltr'>et</span> <span class='ocrx_word' id='word_1_261' title='bbox 1083 2652 1145 2702; x_wconf 64' lang='lat' dir='ltr'>(in</span> <span class='ocrx_word' id='word_1_262' title='bbox 1166 2651 1239 2700; x_wconf 87' lang='lat' dir='ltr'>qui</span> <span class='ocrx_word' id='word_1_263' title='bbox 1262 2651 1384 2698; x_wconf 78' lang='lat' dir='ltr'>corr.)</span> <span class='ocrx_word' id='word_1_264' title='bbox 1406 2650 1453 2689; x_wconf 93' lang='lat' dir='ltr'><em>K</em></span> <span class='ocrx_word' id='word_1_265' title='bbox 1542 2649 1752 2699; x_wconf 86' lang='lat' dir='ltr'>repellere</span> 
     </span>
     <span class='ocr_line' id='line_1_33' title="bbox 85 2705 1752 2753; baseline -0.004 -5"><span class='ocrx_word' id='word_1_266' title='bbox 85 2711 148 2748; x_wconf 88' lang='lat' dir='ltr'>P:</span> <span class='ocrx_word' id='word_1_267' title='bbox 178 2709 361 2749; x_wconf 85' lang='lat' dir='ltr'>evadere</span> <span class='ocrx_word' id='word_1_268' title='bbox 375 2711 445 2749; x_wconf 85' lang='grc' dir='ltr'>Εω</span> <span class='ocrx_word' id='word_1_269' title='bbox 541 2707 657 2746; x_wconf 88' lang='lat' dir='ltr'>vires</span> <span class='ocrx_word' id='word_1_270' title='bbox 673 2706 919 2746; x_wconf 81' lang='lat' dir='ltr'>Kohlmann</span> <span class='ocrx_word' id='word_1_271' title='bbox 939 2720 949 2744; x_wconf 76' lang='lat' dir='ltr'><em>z</em></span> <span class='ocrx_word' id='word_1_272' title='bbox 979 2706 1097 2745; x_wconf 86' lang='lat' dir='ltr'>virP</span> <span class='ocrx_word' id='word_1_273' title='bbox 1114 2719 1123 2744; x_wconf 75' lang='grc' dir='ltr'>ε</span> <span class='ocrx_word' id='word_1_274' title='bbox 1153 2707 1343 2744; x_wconf 85' lang='lat' dir='ltr'>flammas</span> <span class='ocrx_word' id='word_1_275' title='bbox 1359 2705 1430 2743; x_wconf 88' lang='grc' dir='ltr'>Εω</span> <span class='ocrx_word' id='word_1_276' title='bbox 1512 2715 1593 2753; x_wconf 91' lang='lat'>907</span> <span class='ocrx_word' id='word_1_277' title='bbox 1614 2709 1752 2742; x_wconf 85' lang='lat' dir='ltr'>mutas</span> 
     </span>
     <span class='ocr_line' id='line_1_34' title="bbox 87 2757 1751 2811; baseline -0.005 -8"><span class='ocrx_word' id='word_1_278' title='bbox 87 2781 117 2803; x_wconf 87' lang='grc' dir='ltr'><strong><em>ω</em></strong></span> <span class='ocrx_word' id='word_1_279' title='bbox 138 2780 146 2804; x_wconf 89' lang='lat'><strong>:</strong></span> <span class='ocrx_word' id='word_1_280' title='bbox 178 2769 318 2802; x_wconf 84' lang='lat' dir='ltr'>mutus</span> <span class='ocrx_word' id='word_1_281' title='bbox 336 2765 399 2803; x_wconf 91' lang='lat' dir='ltr'>P:</span> <span class='ocrx_word' id='word_1_282' title='bbox 428 2763 562 2803; x_wconf 87' lang='lat' dir='ltr'>volvis</span> <span class='ocrx_word' id='word_1_283' title='bbox 580 2761 623 2800; x_wconf 87' lang='lat' dir='ltr'><em>E</em></span> <span class='ocrx_word' id='word_1_284' title='bbox 797 2763 879 2810; x_wconf 83' lang='lat'>908</span> <span class='ocrx_word' id='word_1_285' title='bbox 909 2760 1137 2811; x_wconf 88' lang='lat' dir='ltr'>prostravit</span> <span class='ocrx_word' id='word_1_286' title='bbox 1156 2760 1196 2798; x_wconf 92' lang='lat' dir='ltr'><em>E</em></span> <span class='ocrx_word' id='word_1_287' title='bbox 1215 2774 1224 2798; x_wconf 90' lang='lat'>:</span> <span class='ocrx_word' id='word_1_288' title='bbox 1252 2759 1457 2809; x_wconf 77' lang='lat' dir='ltr'>prostavit</span> <span class='ocrx_word' id='word_1_289' title='bbox 1475 2758 1545 2796; x_wconf 85' lang='lat' dir='ltr'>P:</span> <span class='ocrx_word' id='word_1_290' title='bbox 1572 2757 1751 2810; x_wconf 86' lang='lat' dir='ltr'>proiecit</span> 
     </span>
     <span class='ocr_line' id='line_1_35' title="bbox 86 2811 1754 2873; baseline -0.005 -16"><span class='ocrx_word' id='word_1_291' title='bbox 86 2825 165 2860; x_wconf 80' lang='lat' dir='ltr'>cett.</span> <span class='ocrx_word' id='word_1_292' title='bbox 334 2832 412 2868; x_wconf 91' lang='lat'>911</span> <span class='ocrx_word' id='word_1_293' title='bbox 446 2817 663 2867; x_wconf 91' lang='lat' dir='ltr'>compellit</span> <span class='ocrx_word' id='word_1_294' title='bbox 683 2821 720 2854; x_wconf 86' lang='lat'>11</span> <span class='ocrx_word' id='word_1_295' title='bbox 741 2829 750 2854; x_wconf 91' lang='lat'><strong>:</strong></span> <span class='ocrx_word' id='word_1_296' title='bbox 779 2816 1006 2865; x_wconf 88' lang='lat' dir='ltr'>compellat</span> <span class='ocrx_word' id='word_1_297' title='bbox 1026 2831 1056 2853; x_wconf 87' lang='grc' dir='ltr'>ω</span> <span class='ocrx_word' id='word_1_298' title='bbox 1194 2827 1275 2864; x_wconf 93' lang='lat'>914</span> <span class='ocrx_word' id='word_1_299' title='bbox 1305 2814 1367 2852; x_wconf 91' lang='lat' dir='ltr'>ire</span> <span class='ocrx_word' id='word_1_300' title='bbox 1387 2826 1470 2852; x_wconf 88' lang='lat' dir='ltr'>om.</span> <span class='ocrx_word' id='word_1_301' title='bbox 1493 2811 1536 2849; x_wconf 95' lang='lat' dir='ltr'>P</span> <span class='ocrx_word' id='word_1_302' title='bbox 1662 2812 1754 2873; x_wconf 76' lang='lat'>916</span> 
     </span>
     <span class='ocr_line' id='line_1_36' title="bbox 85 2868 1751 2920; baseline -0.005 -9"><span class='ocrx_word' id='word_1_303' title='bbox 85 2876 200 2913; x_wconf 87' lang='lat' dir='ltr'>velut</span> <span class='ocrx_word' id='word_1_304' title='bbox 220 2874 262 2911; x_wconf 93' lang='lat' dir='ltr'>P</span> <span class='ocrx_word' id='word_1_305' title='bbox 367 2874 520 2912; x_wconf 89' lang='lat' dir='ltr'>achille</span> <span class='ocrx_word' id='word_1_306' title='bbox 536 2872 602 2910; x_wconf 94' lang='lat' dir='ltr'>P:</span> <span class='ocrx_word' id='word_1_307' title='bbox 634 2871 886 2920; x_wconf 70' lang='lat' dir='ltr'>interpunxit</span> <span class='ocrx_word' id='word_1_308' title='bbox 900 2868 1077 2909; x_wconf 78' lang='lat' dir='ltr'>Schenkl</span> <span class='ocrx_word' id='word_1_309' title='bbox 1183 2881 1262 2919; x_wconf 87' lang='lat'>9¹7</span> <span class='ocrx_word' id='word_1_310' title='bbox 1293 2868 1500 2908; x_wconf 87' lang='lat' dir='ltr'>abnueret</span> <span class='ocrx_word' id='word_1_311' title='bbox 1519 2879 1550 2905; x_wconf 84' lang='grc' dir='ltr'><em>ω</em></span> <span class='ocrx_word' id='word_1_312' title='bbox 1658 2877 1751 2904; x_wconf 80' lang='grc' dir='ltr'>ωη-</span> 
     </span>
     <span class='ocr_line' id='line_1_37' title="bbox 89 2924 904 2978; baseline -0.005 -10"><span class='ocrx_word' id='word_1_313' title='bbox 89 2942 190 2978; x_wconf 83' lang='lat' dir='ltr'>gere</span> <span class='ocrx_word' id='word_1_314' title='bbox 212 2928 265 2967; x_wconf 86' lang='lat' dir='ltr'>ali</span> <span class='ocrx_word' id='word_1_315' title='bbox 284 2927 350 2968; x_wconf 84' lang='lat' dir='ltr'>P:</span> <span class='ocrx_word' id='word_1_316' title='bbox 384 2940 549 2968; x_wconf 80' lang='lat' dir='ltr'>versum</span> <span class='ocrx_word' id='word_1_317' title='bbox 569 2926 752 2966; x_wconf 83' lang='lat' dir='ltr'>damnat</span> <span class='ocrx_word' id='word_1_318' title='bbox 767 2924 904 2964; x_wconf 69' lang='lat' dir='ltr'>Barth</span> 
     </span>
    </p>
   </div>
   <div class='ocr_carea' id='block_1_5' title="bbox 1803 0 1869 136">
    <p class='ocr_par' dir='ltr' id='par_1_5' title="bbox 1803 0 1869 136">
     <span class='ocr_line' id='line_1_38' title="bbox 1803 0 1869 136; baseline 0 3068"><span class='ocrx_word' id='word_1_319' title='bbox 1803 0 1869 136; x_wconf 95' lang='lat' dir='ltr'> </span> 
     </span>
    </p>
   </div>
   <div class='ocr_carea' id='block_1_6' title="bbox 1809 0 1884 427">
    <p class='ocr_par' dir='ltr' id='par_1_6' title="bbox 1809 0 1884 427">
     <span class='ocr_line' id='line_1_39' title="bbox 1809 11 1851 383; textangle 90"><span class='ocrx_word' id='word_1_320' title='bbox 1814 95 1851 383; x_wconf 38' lang='lat' dir='ltr'>err—ewam</span> <span class='ocrx_word' id='word_1_321' title='bbox 1809 11 1851 22; x_wconf 75' lang='grc' dir='ltr'>ζ</span> 
     </span>
     <span class='ocr_line' id='line_1_40' title="bbox 1875 0 1884 427; textangle 90"><span class='ocrx_word' id='word_1_322' title='bbox 1880 378 1884 427; x_wconf 40' lang='lat' dir='ltr'>m.</span> <span class='ocrx_word' id='word_1_323' title='bbox 1875 0 1884 279; x_wconf 31' lang='lat' dir='ltr'>mmmm...</span> 
     </span>
    </p>
   </div>
   <div class='ocr_carea' id='block_1_7' title="bbox 1810 380 1849 539">
    <p class='ocr_par' dir='ltr' id='par_1_7' title="bbox 1810 380 1849 539">
     <span class='ocr_line' id='line_1_41' title="bbox 1810 380 1849 539; textangle 90"><span class='ocrx_word' id='word_1_324' title='bbox 1822 537 1827 539; x_wconf 64' lang='grc'><strong>,</strong></span> <span class='ocrx_word' id='word_1_325' title='bbox 1821 487 1842 500; x_wconf 57' lang='grc' dir='ltr'>-ς,</span> <span class='ocrx_word' id='word_1_326' title='bbox 1836 473 1844 482; x_wconf 52' lang='grc'><strong>,</strong></span> <span class='ocrx_word' id='word_1_327' title='bbox 1815 422 1849 469; x_wconf 42' lang='grc' dir='ltr'>ᾖξ’</span> <span class='ocrx_word' id='word_1_328' title='bbox 1829 410 1832 416; x_wconf 61' lang='grc'>,</span> <span class='ocrx_word' id='word_1_329' title='bbox 1810 380 1839 406; x_wconf 56' lang='lat'>‚⁸¹⁸⁶</span> 
     </span>
    </p>
   </div>
  </div>
 </body>
</html>
