1884 3204
143 86 196 138 P,
236 85 721 136 PAPINLSTATI
791 101 794 106 ·
869 99 874 104 ’

139 224 365 284 foederis,
403 227 469 275 ad
503 227 700 275 fratrem
736 228 989 290 completo
1023 226 1198 282 iustius
1232 244 1367 276 anno
1618 279 1621 282 ,

139 308 325 370 legatos
361 306 477 355 hinc
512 307 582 356 ire
616 307 707 356 fuit
741 317 890 371 teque
925 308 1100 358 ordine
1135 319 1270 359 certo
1723 329 1802 371 395

138 389 386 436 fortunam
422 405 599 437 exuere
634 398 683 437 et
716 390 901 437 laetum
937 391 1241 439 descendere
1275 407 1442 453 regno,

138 478 193 517 ut
226 486 378 532 vagus
413 469 495 520 ille
530 469 617 519 diu
651 487 925 534 passusque
959 473 1081 520 haut
1115 471 1265 535 digna
1299 488 1386 535 per
1421 470 1556 520 urbis

138 550 331 614 ignotas
366 561 540 614 pactae
575 553 778 601 tandem
815 554 1103 601 succederet
1138 555 1292 602 aulae.

139 634 228 681 sed
263 633 380 696 quia
413 633 573 682 dulcis
607 650 748 682 amor
781 633 918 697 regni
954 635 1296 698 blandumque
1332 644 1564 698 potestas,

138 713 388 776 posceris:
434 714 709 763 astriferum
745 714 843 763 iam
879 717 1023 764 velox
1058 715 1270 772 circulus
1305 716 1478 765 orbem
1722 737 1805 775 400

138 795 277 844 torsit
312 804 361 844 et
395 795 606 844 amissae
641 795 893 846 redierunt
929 796 1186 846 montibus
1222 798 1442 857 umbrae,

138 893 197 925 ex
232 893 333 940 quo
369 878 517 925 frater
551 876 698 939 inops
733 876 904 939 ignota
939 894 1027 940 per
1063 878 1250 942 oppida
1284 878 1434 928 tristis

137 959 247 1006 exul
283 956 382 1020 agit
417 973 560 1006 casus
576 975 590 1017 3
637 965 686 1006 et
721 966 770 1005 te
805 956 904 1005 iam
941 967 1138 1021 tempus
1173 969 1344 1021 aperto

137 1039 230 1087 sub
268 1041 388 1087 Iove
423 1039 547 1086 ferre
582 1036 690 1086 dies
725 1047 1016 1101 terrenaque
1051 1038 1228 1103 frigora
1263 1042 1500 1090 membris

136 1121 319 1168 ducere
354 1128 403 1167 et
438 1127 666 1167 externos
702 1118 1004 1167 submissum
1041 1119 1230 1169 ambire
1254 1121 1462 1184 penatis.
1719 1145 1801 1184 405

135 1217 267 1264 pone
303 1201 510 1249 modum
547 1198 722 1261 laetis;
769 1199 886 1248 satis
922 1210 1057 1249 ostro
1093 1201 1230 1250 dives
1263 1212 1312 1251 et
1346 1220 1468 1253 auro

135 1281 434 1345 conspicuus
471 1290 673 1330 tenuem
709 1281 930 1345 germani
965 1282 1195 1346 pauperis
1230 1300 1418 1333 annum

136 1361 281 1411 risisti
298 1380 312 1423 3
358 1378 557 1421 moneo,
597 1378 860 1424 regnorum
896 1361 1077 1425 gaudia
1112 1371 1266 1412 temet

135 1445 384 1493 dedoceas
419 1442 714 1507 patiensque
749 1444 893 1506 fugae
929 1460 1146 1493 mereare
1181 1445 1387 1495 reverti.'

203 1525 418 1574 Dixerat.
462 1533 565 1577 ⁴ast
600 1524 670 1572 illi
705 1523 856 1573 tacito
882 1524 975 1573 sub
1011 1535 1213 1588 pectore
1248 1528 1443 1576 dudum
1723 1549 1804 1588 410

133 1606 279 1670 ignea
313 1608 466 1655 corda
499 1608 729 1666 fremunt,
768 1605 900 1655 iacto
935 1608 1070 1655 velut
1105 1624 1279 1670 aspera
1314 1626 1432 1658 saxo

134 1684 414 1734 comminus
450 1683 648 1748 erigitur
684 1701 899 1747 serpens,
939 1684 1020 1733 cui
1055 1686 1225 1735 subter
1259 1686 1420 1735 inanis

133 1767 280 1829 longa
315 1765 419 1814 sitis
454 1765 666 1814 latebras
701 1774 963 1828 totumque
997 1766 1179 1829 agitata
1212 1784 1300 1830 per
1333 1777 1466 1817 artus

133 1856 376 1896 convocat
411 1846 463 1895 in
498 1848 665 1895 fauces
703 1855 752 1895 et
788 1863 1026 1910 squamea
1061 1850 1190 1897 colla
1224 1866 1508 1899 venenum:

136 1927 378 1991 ‘Cognita
412 1927 454 1976 si
489 1927 654 1976 dubiis
690 1927 848 1976 fratris
888 1928 1010 1976 mihi
1045 1928 1201 1993 iurgia
1237 1930 1387 1994 signis
1458 1944 1461 1946 ’
1719 1954 1801 1994 415

133 2019 248 2058 ante
284 2011 445 2058 forent
480 2026 574 2058 nec
610 2011 740 2058 clara
776 2009 1005 2058 odiorum
1040 2027 1221 2060 arcana
1255 2022 1493 2075 paterent,

134 2088 377 2136 sufficeret
411 2089 489 2136 vel
525 2089 631 2136 sola
666 2089 804 2147 fides,
843 2104 994 2150 quam
1031 2097 1211 2147 torvus*
1234 2098 1282 2138 et
1317 2090 1455 2139 illum
1507 2146 1511 2150 ‚

133 2178 301 2232 mente
335 2185 523 2233 gerens,
562 2186 654 2219 ceu
691 2178 861 2232 saepta
896 2186 1056 2218 novus
1091 2169 1190 2218 iam
1226 2172 1426 2221 moenia
1459 2175 1615 2229 laxet,

132 2254 290 2300 fossor
326 2260 374 2299 et
409 2250 601 2299 hostilis
635 2250 893 2299 inimicent
929 2251 1132 2301 classica
1167 2261 1366 2314 turmas,

133 2332 382 2396 praefuris.
455 2332 506 2381 in
543 2331 735 2381 medios
772 2331 813 2380 si
848 2332 1130 2383 comminus
1166 2350 1277 2383 orsa
1320 2336 1514 2386 tulisses
1718 2360 1802 2399 420

135 2414 365 2463 Bistonas
401 2423 487 2462 aut
521 2416 691 2476 refugo
727 2414 958 2476 pallentis
994 2417 1099 2464 sole
1136 2417 1371 2477 Gelonos,

131 2496 323 2560 parcior
357 2495 557 2559 eloquio
593 2504 642 2544 et
677 2495 829 2545 medii
864 2497 1162 2559 reverentior
1194 2498 1341 2562 aequi

187 2670 268 2717 396
296 2667 517 2706 discedere
540 2668 825 2719 (descendere
843 2671 1070 2718 suprascr.)
1091 2668 1139 2707 N
1273 2683 1355 2719 400
1381 2670 1528 2710 orbem
1547 2671 1596 2710 N
1608 2678 1702 2724 sup,
1725 2675 1798 2714 lin.

136 2723 197 2773 (in
215 2722 287 2761 lin.
308 2735 410 2761 era-5.
431 2723 605 2772 annum)
737 2734 814 2771 401
845 2723 1027 2761 vallibus
1061 2723 1107 2761 N
1241 2737 1321 2774 403
1354 2732 1504 2775 aperto
1534 2726 1621 2766 ΡΝ
1634 2728 1696 2766 A²
1716 2730 1771 2780 (3)
1793 2745 1801 2768 :

131 2781 306 2827 apertos
335 2776 506 2826 BDKQ
730 2790 809 2826 413
839 2783 1059 2827 totumque
1096 2777 1158 2818 P:
1209 2783 1406 2829 totosque
1438 2785 1518 2819 cett.
1719 2796 1799 2834 417

133 2844 259 2881 quam
280 2837 427 2870 torvus
449 2838 491 2872 et
510 2830 600 2869 ωδε
632 2844 755 2881 quam
776 2844 914 2881 servo,
940 2834 1017 2871 sed
1039 2831 1082 2870 P
1097 2834 1156 2886 [q.
1176 2834 1228 2883 ⁴(u
1247 2835 1569 2887 suprascr.)‡D:
1600 2849 1682 2886 qua
1703 2837 1801 2878 Cod.

132 2886 269 2925 Paris.
290 2885 420 2937 8052]
520 2886 601 2934 418
621 2886 786 2938 mente]
808 2900 865 2925 an
887 2887 1026 2926 fronte
1045 2890 1055 2927 ἓ
1131 2888 1247 2937 geris
1262 2888 1354 2926 DN
1370 2888 1466 2929 Cod.
1487 2888 1630 2940 Magd.
1718 2906 1801 2943 419

134 2941 305 2979 imicent
324 2938 369 2977 D
382 2947 448 2991 pr.
472 2953 530 2979 m.
641 2953 723 2989 420
747 2953 822 2979 ora
836 2941 980 2989 Jortin
1091 2955 1172 2991 422
1199 2942 1368 2993 eloquio
1387 2943 1469 2982 PA
1491 2959 1500 2984 :
1529 2945 1716 2996 alloquio
1735 2947 1802 2987 ωδ
