1884 3204
983 75 1394 124 THEBAIDOS
1431 76 1645 123 LIBER
1682 76 1757 123 IX

109 210 303 268 'audisse
335 230 698 277 accensumque
732 200 905 276 putes:
953 213 1049 261 hoc
1084 211 1289 261 fulmine
1323 220 1517 274 raptum

80 295 306 348 ‚abstulit
339 304 388 344 et
422 293 591 343 similis
627 292 790 341 minus
824 291 1105 355 indignatur
1139 292 1371 341 habenas.

107 375 300 428 semifer
332 374 461 424 ae'ria
494 373 602 423 talis
639 375 914 424 Centaurus
948 372 1012 421 ab
1049 373 1176 421 Ossa
1680 390 1757 418 220

109 455 268 513 desilit
303 454 353 504 in
388 453 538 513 vallis,
575 453 738 517 ipsum
774 468 978 501 nemora
1011 453 1110 500 alta
1145 460 1458 511 tremescunt,

37 523 39 525 ¹
107 551 309 598 campus
343 551 540 598 equum.
611 532 789 595 trepidi
823 549 967 581 cursu
1001 533 1334 595 glomerantur
1367 533 1548 580 anhelo

70 653 76 656 <
106 615 433 674 Labdacidae,
471 613 648 678 premit
681 613 762 662 ille
797 629 956 676 super,
994 605 1340 676 necopinaque
1374 614 1500 661 ferro

70 705 74 707 “
104 697 230 750 colla
265 704 454 744 metens
487 693 665 758 linquit
699 702 898 742 truncos
934 702 1046 756 post
1081 701 1214 756 terga
1248 692 1484 741 cadentis.

171 777 389 825 Ventum
424 783 526 823 erat
559 775 624 823 ad
659 773 896 834 fluvium3
943 773 1088 822 solito
1123 782 1242 821 tunc
1276 772 1467 836 plenior
1501 774 1642 822 alveo
1680 791 1757 832 225

10 849 16 899 3
89 855 263 923 (signa
297 854 434 920 mali)
469 871 647 918 magna
680 871 732 903 se
768 855 899 903 mole
936 856 1162 903 Ismenos
1196 854 1386 916 agebat,

9 924 15 1007 Ξ
102 936 185 987 illa
219 935 376 985 brevis
411 935 616 999 requies,
654 935 738 984 illo
773 934 947 984 timida
979 935 1177 999 agmina
1210 936 1388 983 lassam

10 1083 11 1086 Ξ
105 1018 168 1068 de
201 1016 388 1079 campis
424 1033 565 1079 egere
600 1017 765 1080 fugam
783 1033 797 1076 3
843 1025 1006 1079 stupet
1042 1015 1236 1079 hospita
1271 1015 1389 1064 belli

8 1132 13 1142 ψ
58 1098 70 1105 ”
104 1098 251 1149 unda.
272 1097 400 1146 viros
436 1099 664 1160 claraque
698 1114 946 1146 armorum
982 1096 1262 1146 incenditur
1297 1097 1483 1146 umbra.

9 1173 12 1180 '
103 1174 331 1225 insiluere
366 1174 517 1236 vadis,
555 1191 835 1239 magnoque
870 1176 1058 1238 fragore
1093 1176 1282 1223 solutus
1680 1191 1759 1231 230

103 1273 246 1321 agger
281 1265 329 1305 et
363 1257 597 1305 adversae
632 1257 878 1304 latuerunt
913 1257 1114 1319 pulvere
1149 1255 1294 1318 ripae.

103 1337 184 1387 ille
219 1353 418 1400 quoque
453 1336 643 1385 hostilis
679 1338 804 1384 saltu
841 1335 1025 1384 maiore
1060 1352 1146 1399 per
1181 1336 1340 1383 undas

104 1417 250 1468 inruit
283 1417 501 1466 attonitis
538 1417 762 1483 (longum
797 1416 1044 1465 dimittere
1078 1414 1322 1479 habenas)

104 1498 228 1549 sicut
262 1507 376 1558 erat,
414 1507 605 1547 tantum
640 1497 782 1547 viridi
817 1499 978 1546 defixa
1010 1513 1274 1560 parumper

105 1579 317 1643 caespite
351 1581 567 1644 populeo
602 1580 921 1628 commendat
957 1577 1144 1642 spicula
1179 1586 1367 1626 trunco.
1680 1595 1756 1635 235

103 1669 222 1710 tunc
255 1677 370 1710 vero
406 1659 653 1709 exanimes
689 1661 888 1709 tradunt
922 1658 1226 1722 rapientibus
1261 1660 1389 1707 ultro

102 1758 237 1790 arma
270 1741 438 1790 vadis:
483 1741 565 1789 alii
599 1740 814 1790 demissa
849 1739 1052 1799 casside,
1091 1748 1333 1803 quantum

0 1831 28 1886 '⁴
104 1824 305 1872 tendere
339 1831 547 1872 conatus
581 1821 776 1871 animae
809 1823 1005 1870 valuere
1040 1822 1133 1870 sub
1168 1820 1330 1880 undis,

105 1911 245 1966 turpe
279 1905 433 1952 latent
450 1921 464 1964 3
505 1902 646 1952 multi
681 1902 885 1951 fluvium
921 1901 1247 1950 transmittere
1282 1902 1450 1950 nando

104 1983 334 2048 adgressi,
373 1986 462 2033 sed
496 1983 657 2032 vincla
691 1992 863 2033 tenent
896 1982 1133 2045 laterique
1169 1991 1406 2046 repugnat
1681 2000 1760 2040 240

106 2065 298 2114 balteus
334 2074 382 2113 et
417 2064 646 2114 madidus
682 2063 886 2115 deducit
920 2073 1120 2127 pectora
1155 2065 1339 2112 thorax.

106 2145 263 2209 qualis
298 2145 531 2195 caeruleis
567 2145 759 2195 tumido
795 2146 887 2194 sub
922 2144 1109 2209 gurgite
1144 2154 1295 2194 terror

106 2225 337 2290 piscibus,
374 2226 539 2275 arcani
574 2226 802 2290 quotiens
838 2227 1024 2275 devexa
1057 2225 1290 2289 profundi

106 2316 404 2356 scrutantem
440 2308 675 2371 delphina
708 2307 907 2368 vident3
953 2307 1074 2371 fugit
1109 2307 1271 2356 omnis
1306 2306 1357 2355 in
1392 2305 1518 2355 imos

106 2389 249 2438 turba
283 2390 417 2437 lacus
452 2388 717 2452 viridisque
752 2397 887 2437 metu
923 2389 1163 2451 stipantur
1196 2388 1248 2436 in
1282 2389 1414 2452 algas
1431 2405 1444 2448 3
1681 2406 1758 2446 245

0 2463 1 2466 '
63 2501 67 2503 ἡ
105 2485 198 2518 nec
232 2468 366 2532 prius
397 2469 585 2529 emersi,
624 2486 773 2533 quam
809 2486 1002 2518 summa
1036 2485 1122 2532 per
1155 2486 1372 2533 aequora
1406 2470 1558 2518 flexus

30 2588 33 2591 ,
105 2549 283 2600 emicet
318 2559 367 2599 et
402 2549 516 2599 visis
552 2550 689 2599 malit
724 2559 907 2599 certare
942 2549 1149 2599 carinis:

158 2692 239 2720 220
266 2686 492 2720 centaurus
511 2680 608 2720 talis
628 2680 672 2719 D
834 2694 912 2730 227
943 2681 1104 2731 lapsam
1123 2680 1170 2719 N
1326 2681 1405 2719 228
1433 2679 1594 2731 stupet]
1615 2684 1697 2718 stat
1718 2685 1759 2717 et

105 2733 148 2772 P
305 2747 385 2784 237
415 2735 601 2774 demissa
633 2735 741 2774 PN:
788 2735 959 2774 dimissa
996 2735 1202 2786 BDKQS
1361 2747 1441 2784 243
1481 2747 1636 2773 arcano
1670 2731 1759 2771 P2:

107 2787 316 2839 profundo
335 2788 378 2828 P
537 2801 615 2839 244
645 2790 728 2829 ruit
748 2790 788 2829 A
796 2790 808 2812 ¹
826 2804 835 2828 ε
865 2790 942 2829 fuit
956 2789 1020 2828 A²
