1884 3204
986 37 1399 88 THEBAIDOS
1436 37 1652 86 LIBER
1685 36 1760 83 VI

30 172 33 192 ⁵
109 193 211 230 non
244 191 384 227 secus
418 168 628 236 ingentis
663 176 796 218 artus
831 168 1108 231 praecelsus
1144 166 1379 229 Agylleus

108 266 283 348 sponte
316 251 490 319 premit
525 264 828 315 parvumque
861 263 1063 311 gemens
1098 245 1376 309 duplicatur
1410 244 1463 293 in
1497 245 1706 302 hostem,

83 339 158 390 et
179 337 275 387 iam
298 337 484 384 alterna
506 346 681 380 manus
706 331 1020 390 frontemque
1044 342 1343 389 umerosque
1367 327 1595 387 latusque
1683 330 1766 370 860

109 419 333 480 collaque
367 421 665 478 pectoraque
701 419 749 458 et
783 407 987 458 vitantia
1021 423 1161 455 crura
1196 405 1406 455 lacessit.

107 498 451 558 interdumque
485 491 571 541 diu
607 491 828 554 pendent
862 505 949 552 per
985 496 1157 536 mutua
1191 486 1300 534 fulti

107 576 347 636 bracchia,
385 589 519 622 nunc
554 570 687 620 saevi
722 569 987 633 digitorum
1022 566 1219 616 vincula
1253 568 1497 629 frangunt.

77 653 208 709 'non
243 655 313 706 sic
347 656 578 704 ductores
612 649 799 715 gemini
832 648 989 714 gregis
1025 646 1226 697 horrida
1260 646 1386 695 tauri

108 739 236 790 bella
270 743 503 795 movent3
548 732 715 782 medio
750 730 967 780 coniunx
1002 737 1097 778 stat
1133 727 1348 777 candida
1382 735 1522 791 prato
1684 731 1765 785 865

107 818 340 870 victorem
376 823 678 878 exspectans,
718 820 955 876 rumpunt
990 809 1174 859 obnixa
1208 810 1424 857 furentes

13 894 16 901 ’
95 892 322 965 pectora,
358 895 526 946 subdit
560 911 700 943 amor
735 892 960 942 stimulos
997 900 1046 940 et
1080 891 1285 939 vulnera
1320 897 1492 938 sanat:

107 979 344 1029 fulmineo
379 977 448 1026 sic
483 978 633 1026 dente
669 991 794 1034 sues,
833 973 903 1023 sic
938 972 1134 1036 hispida
1170 982 1335 1036 turpes

107 1059 293 1126 proelia
326 1057 508 1107 villosis
543 1057 718 1106 ineunt
753 1054 1092 1119 complexibus
1128 1053 1240 1102 ursi.

113 1202 116 1205 v
174 1140 263 1189 Vis
298 1141 473 1189 eadem
510 1137 766 1198 Oenidae3
812 1153 904 1186 nec
941 1137 1044 1184 sole
1078 1144 1163 1183 aut
1198 1135 1398 1198 pulvere
1433 1134 1561 1181 fessa
1689 1135 1770 1193 870'

109 1221 330 1272 membra
363 1219 544 1278 labant,
583 1218 704 1281 riget
739 1227 843 1266 arta
878 1216 1004 1266 cutis
1041 1215 1275 1278 durisque
1311 1214 1536 1263 laborum

109 1301 341 1365 castigata
374 1300 507 1349 toris·
578 1307 750 1348 contra
785 1314 887 1346 non
923 1297 1111 1360 integer
1144 1295 1227 1344 ille

109 1382 303 1432 flatibus
338 1379 536 1430 alternis
571 1395 817 1442 aegroque
853 1379 1026 1427 effetus
1063 1377 1200 1424 hiatu

110 1462 242 1514 exuit
275 1462 486 1526 ingestas
522 1459 672 1508 fluvio
708 1457 900 1507 sudoris
937 1459 1144 1506 harenas

109 1561 168 1594 ac
203 1543 366 1593 furtim
401 1550 539 1605 rapta
573 1548 814 1590 sustentat
849 1548 1049 1603 pectora
1084 1547 1224 1586 terra.
1690 1544 1767 1595 875

110 1625 258 1675 instat
291 1640 441 1687 agens
477 1623 678 1685 Tydeus
714 1623 985 1684 fictumque
1020 1619 1072 1667 in
1108 1620 1237 1667 colla
1271 1616 1486 1665 minatus

111 1722 249 1756 crura
283 1704 444 1764 subit3
490 1702 677 1766 coeptis
713 1718 816 1752 non
852 1703 1076 1750 evaluere
1112 1698 1257 1762 potiri

111 1789 364 1836 frustratae
399 1783 635 1834 brevitate
671 1800 861 1842 manuS‚
900 1782 1034 1831 venit
1069 1782 1250 1829 arduus
1287 1779 1368 1828 ille

34 1883 38 1887 ’
113 1869 324 1931 desuper
358 1880 748 1930 oppressumque
783 1862 996 1927 ingentis
1032 1863 1164 1910 mole
1201 1859 1372 1908 ruinae

113 1947 349 1999 condidit.
421 1947 556 1995 haud
591 1945 730 1994 aliter
765 1944 902 1993 collis
938 1952 1178 1993 scrutator
1216 1940 1395 1989 Hiberi
1692 1947 1773 1987 880

114 2046 229 2080 cum
265 2027 414 2077 subiit
449 2028 695 2089 longeque
730 2025 864 2074 diem
900 2025 1152 2087 vitamque
1188 2021 1399 2085 reliquit,

115 2109 157 2159 si
191 2107 389 2158 tremuit
424 2123 691 2170 suspensus
726 2123 840 2170 ager
876 2104 1194 2168 subitumque
1230 2105 1471 2166 fragorem

116 2199 259 2254 rupta
293 2188 431 2238 dedit
467 2189 624 2246 tellus,
663 2189 780 2236 latet
815 2186 945 2235 intus
982 2194 1152 2235 monte
1188 2186 1351 2233 soluto

117 2271 336 2330 obrutus,
375 2286 433 2318 ac
468 2268 664 2333 penitus
699 2270 907 2317 fractum
944 2266 1284 2329 obtritumque
1320 2265 1530 2313 cadaver

116 2351 455 2414 indignantem
492 2349 707 2398 animam
744 2347 951 2412 propriis
986 2364 1091 2397 non
1124 2344 1340 2396 reddidit
1375 2344 1528 2394 astriS.
1693 2354 1776 2406 885

116 2431 272 2481 acrior
306 2433 403 2480 hoc
438 2432 653 2494 Tydeus,
690 2429 967 2492 animisque
1002 2437 1051 2479 et
1086 2437 1284 2493 pectore
1321 2442 1467 2490 supra
1502 2434 1588 2474 est.

118 2529 210 2562 nec
247 2528 397 2571 mora,
435 2528 550 2560 curn
586 2510 757 2559 vinclis
794 2509 1031 2573 onerique
1066 2510 1261 2573 elapsus
1297 2506 1470 2571 iniquo

173 2642 253 2691 863
281 2641 396 2690 sequi
417 2640 457 2679 A
644 2639 725 2678 868
753 2638 955 2677 fulmineo
974 2637 1042 2676 P:
1072 2636 1262 2676 fulminei
1283 2652 1313 2675 ω
1494 2636 1586 2686 870
1603 2635 1704 2674 fessi
1725 2636 1777 2685 P,

38 2668 42 2671 Α
119 2696 284 2735 mavult
303 2694 545 2734 Phillimore
679 2695 760 2743 872
790 2692 900 2732 notis
921 2691 959 2730 L
976 2694 1028 2744 (²)
1139 2693 1219 2741 873
1249 2692 1407 2730 effusus
1429 2689 1468 2740 Q
1574 2691 1717 2728 halatu
1736 2691 1782 2729 N

118 2749 199 2800 874
228 2749 326 2788 ssuio
347 2749 393 2787 N
525 2749 605 2799 876
633 2748 862 2796 fictumque
884 2747 1031 2796 (ictum
1051 2752 1193 2797 supra
1184 2759 1251 2784 cr.
1272 2746 1393 2786 schol.
1417 2749 1469 2793 (Ζ)
1493 2744 1550 2794 Q)
1571 2744 1775 2795 PBNQ¹³

119 2804 329 2854 ictumque
369 2803 520 2844 Ddett.
688 2803 770 2841 880
799 2799 981 2840 concidit
998 2800 1041 2838 P
1199 2801 1280 2850 884
1310 2799 1595 2850 obtritumque
1613 2798 1677 2838 P:
1706 2800 1777 2839 ob-

122 2859 375 2908 ductumque
394 2856 462 2898 wS
622 2858 702 2896 886
730 2857 808 2896 hac
830 2856 946 2907 prior
968 2855 1047 2894 hoc
1067 2854 1109 2894 P
