1884 3204
968 69 1456 119 ACHILLEIDOS
1493 70 1708 118 LIBER
1746 69 1771 117 Ι

114 222 271 271 paene
308 204 415 255 Iovi
451 204 582 254 silvis
617 204 913 268 nivibusque
947 204 1149 255 immisit
1184 209 1419 257 alendum
1690 215 1767 265 651

114 285 423 336 Thessalicis.
494 303 587 335 nec
622 302 714 349 ego
749 287 841 335 hos
876 288 1036 335 cultus
1071 297 1156 335 aut
1190 290 1338 337 foeda
1373 288 1614 338 subissem

113 366 341 430 tegmina,
378 366 430 423 ni
463 366 623 430 primo
659 376 711 414 tu
746 365 850 414 visa
883 365 935 414 in
970 366 1143 415 litore:
1191 368 1315 417 cessi

115 455 162 496 te
196 456 406 511 propter,
444 446 534 495 tibi
568 463 722 510 pensa
757 463 920 507 manu,
960 447 1050 496 tibi
1086 448 1269 497 mollia*
1287 458 1425 512 gesto

115 537 358 591 tympana.
430 527 551 591 quid
586 529 739 576 defles
775 544 956 590 magno
991 545 1142 577 nurus
1177 529 1347 578 addita
1381 532 1574 593 ponto?
1691 537 1771 590 655

115 607 235 672 quid
268 607 422 671 gemis
457 607 668 671 ingentis
703 610 841 657 caelo
875 607 1088 672 paritura
1116 613 1360 672 nepotes?

114 689 202 738 sed
235 698 471 752 pater—z
506 698 621 738 ante
655 688 756 752 igni
791 690 1017 752 ferroque
1052 690 1213 739 excisa
1247 690 1427 740 iacebit

115 772 294 839 Scyros
323 779 372 818 et
406 769 458 818 in
493 769 706 819 tumidas
743 769 885 819 ibunt
921 771 1044 819 haec
1079 787 1217 819 versa
1252 773 1491 834 procellas

115 849 322 910 moenia,
360 866 510 914 quam
546 867 693 900 saevo
729 868 839 900 mea
873 860 927 900 tu
963 851 1178 901 conubia
1212 854 1401 915 pendas

116 932 323 980 funere:
371 948 474 980 non
508 933 636 981 adeo
673 932 954 996 parebimus
990 932 1158 982 omnia
1194 933 1366 981 matri)
1694 940 1778 982 660

119 1010 263 1078 [vade
298 1013 387 1061 sed
423 1022 646 1076 ereptum
682 1016 811 1062 celes
846 1023 1110 1077 taceasque
1145 1012 1426 1081 pudorem]

182 1092 436 1156 Obstipuit
471 1094 618 1142 tantis
653 1093 820 1157 regina
854 1095 1078 1144 exterrita
1113 1095 1376 1156 monstris;

117 1171 439 1240 [quamquam
475 1174 594 1223 olim
630 1185 858 1239 suspecta
892 1177 1030 1236 fides,
1068 1185 1117 1224 et
1152 1176 1431 1225 comminus
1467 1175 1630 1240 ipsum

117 1254 301 1304 horruit
335 1264 384 1304 et
420 1255 568 1304 facies
604 1258 815 1304 multum
851 1266 1038 1305 mutata
1073 1255 1308 1322 fatentis]

116 1334 236 1399 quid
271 1335 456 1385 faciat?
502 1353 710 1385 casusne
745 1354 861 1385 suos
897 1339 1018 1386 ferat
1053 1337 1160 1400 ipsa
1194 1337 1385 1400 parenti
1696 1344 1776 1396 665

117 1434 267 1482 seque
302 1416 447 1466 simul
484 1416 813 1480 iuvenemque
848 1427 1051 1481 premat,
1090 1418 1307 1467 fortassis
1342 1418 1544 1466 acerbas

117 1497 382 1544 hausurum
419 1497 642 1558 poenas?
688 1504 737 1543 et
770 1496 936 1544 adhuc
971 1494 1022 1543 in
1059 1497 1209 1544 corde
1245 1496 1478 1544 manebat

117 1576 197 1625 ille
233 1575 319 1625 diu
354 1577 592 1639 deceptus
627 1592 799 1625 amor:
846 1575 956 1624 silet
989 1593 1134 1640 aegra
1168 1576 1446 1640 premitque

117 1657 214 1706 iam
249 1673 516 1706 commune
550 1658 687 1706 nefas
704 1675 717 1717 3
758 1673 910 1705 unam
944 1659 1106 1719 placet
1139 1658 1323 1706 addere
1357 1656 1496 1706 furtis

117 1737 335 1787 altricem
371 1738 571 1798 sociam,
610 1737 838 1802 precibus
874 1754 1002 1801 quae
1037 1737 1166 1786 victa
1201 1739 1414 1787 duorum
1701 1745 1782 1799 670

118 1819 303 1869 adnuit.
375 1819 458 1868 illa
491 1829 601 1868 astu
637 1819 788 1868 tacito
824 1828 1120 1882 raptumque
1155 1821 1398 1882 pudorem

118 1910 493 1965 turgentemque
527 1909 721 1949 uterum
755 1909 905 1962 atque
939 1916 1109 1962 aegros
1145 1899 1197 1948 in
1231 1902 1452 1963 pondere
1487 1899 1671 1948 mensis

119 1981 349 2042 occuluit,
386 1981 546 2045 plenis
581 1983 743 2030 donec
779 1990 905 2030 stata
939 1990 1162 2044 tempora
1198 1981 1341 2030 metis

119 2062 281 2112 attulit
316 2072 364 2112 et
400 2072 566 2126 partus
601 2061 750 2111 index
785 2061 978 2111 Lucina
1012 2061 1221 2111 resolvit.

174 2195 252 2243 651
285 2205 421 2243 paene
453 2192 544 2231 Iovi
583 2191 827 2242 Gustaffson
848 2205 856 2230 :
887 2204 1022 2240 paene
1046 2192 1159 2230 Iovis
1178 2191 1246 2229 P:
1278 2191 1408 2230 Penei
1427 2190 1469 2229 E
1487 2205 1495 2229 :
1527 2190 1682 2230 Peneis
1701 2190 1754 2241 kq
1776 2206 1785 2230 :

10 2235 41 2293 «ξ’
124 2246 318 2287 Paeoniis
353 2245 919 2297 Wilamoun'tz-Mollendoiff'
1016 2245 1224 2285 commisit
1253 2259 1279 2296 q
1441 2247 1522 2295 653
1550 2259 1573 2284 e
1593 2247 1728 2295 primo
1748 2245 1791 2283 P

8 2333 39 2350 „-
123 2308 168 2340 tu
187 2302 281 2341 visa
299 2300 366 2340 E:
397 2307 440 2340 te
460 2302 551 2340 vias
570 2300 633 2338 P:
664 2306 707 2339 te
726 2300 818 2339 visa
837 2300 889 2349 kq'
1074 2302 1155 2348 656
1185 2300 1401 2350 ingentem
1424 2328 1434 2338 .
1457 2328 1467 2338 .
1491 2329 1501 2340 .
1525 2307 1726 2350 nepotem
1747 2298 1789 2338 E

4 2347 59 2390 z*-
122 2358 200 2406 657
231 2361 330 2394 ante
350 2356 429 2394 sub
447 2362 541 2395 atro
561 2355 652 2404 igni
671 2354 713 2393 E
742 2354 997 2404 interpunxit
1012 2353 1149 2392 Barth
1239 2354 1342 2403 fort.
1365 2355 1399 2392 si
1422 2360 1598 2403 pater—
1706 2356 1788 2403 659

36 2407 42 2411 ”
124 2416 169 2449 tu
197 2416 289 2461 sup.
325 2409 395 2450 lin.
431 2409 489 2448 Ε2
618 2410 781 2459 pendas
811 2409 877 2458 Eq
906 2409 997 2448 dett.
1021 2423 1030 2447 ε
1074 2409 1228 2458 perdas
1256 2408 1321 2446 Pk
1352 2408 1439 2448 dett.
1590 2410 1668 2446 661
1701 2409 1788 2447 iure

123 2465 368 2504 secluserunt
385 2464 648 2511 Kohlmann,
677 2464 815 2514 Klotz,
844 2461 1016 2502 W'lkins
1035 2476 1043 2501 :
1071 2462 1227 2501 exhibet
1243 2477 1268 2513 q
1286 2467 1323 2501 et
1348 2461 1543 2501 nonnulli
1556 2462 1646 2502 dett.
1671 2462 1783 2503 codd.

124 2520 313 2568 663-664
344 2519 459 2557 uncis
478 2531 550 2569 ego
563 2518 713 2557 inclusi
727 2531 736 2556 ε
756 2531 876 2568 quem
892 2518 1002 2556 enim
1016 2530 1187 2555 sensum
1200 2517 1378 2555 habeant
1388 2530 1471 2555 non
1487 2517 1600 2555 video
1611 2529 1630 2563 ,·
1661 2530 1788 2566 neque

126 2585 216 2612 vero
234 2586 329 2612 cum
344 2573 555 2624 prioribus
573 2573 753 2611 versibus
770 2576 1006 2623 congruunt
1022 2576 1058 2609 et
1075 2571 1359 2610 scholasticum
1390 2571 1602 2620 quendam
1623 2576 1786 2622 poetam

127 2627 310 2666 universe
326 2627 498 2677 sapiunt
693 2628 774 2674 663
803 2625 976 2665 luminis
995 2626 1136 2674 ignem
1158 2626 1376 2676 temptavit
1391 2625 1504 2664 Koch
1706 2627 1788 2674 664

127 2682 320 2731 paventis
338 2682 380 2721 E
512 2683 592 2730 665
620 2693 698 2719 suo
719 2681 759 2719 E
888 2682 970 2719 666
997 2692 1172 2718 acervas
1203 2685 1240 2718 Π
1376 2682 1453 2729 671
1487 2685 1624 2718 astuta
1645 2679 1730 2718 cito
1752 2680 1794 2718 E

127 2736 206 2786 672
235 2742 558 2786 turgentemque
576 2735 617 2773 E
632 2749 641 2774 ε
670 2741 999 2785 surgentemque
1017 2738 1099 2773 cett.
1177 2746 1330 2784 aegros
1348 2739 1439 2783 sup.
1462 2733 1532 2772 lin.
1554 2733 1596 2771 E
1708 2736 1788 2782 674

125 2794 216 2882 ἵζει*
241 2791 352 2830 hunc
383 2803 549 2830 versum
581 2790 720 2841 incipit
749 2790 792 2828 in
827 2789 914 2830 edd.
944 2793 1032 2829 vett.
1063 2789 1275 2836 secundus,
1308 2788 1352 2826 in
1382 2786 1496 2827 codd.
1524 2787 1615 2827 dett.
1647 2788 1789 2827 tertius

143 2856 155 2881 ι
180 2857 226 2884 er
