1884 3204
984 83 1394 136 THEBAIDOS
1430 89 1645 136 LIBER
1681 90 1785 137 XII

59 255 61 261 x
139 217 301 270 desilit
336 217 386 268 in
422 235 667 282 campum,
705 219 790 282 qui
826 221 994 268 subter
1028 221 1225 270 moenia
1260 224 1422 272 nudos

136 308 349 358 asservat
383 315 567 358 maneS,
606 298 822 361 dirisque
857 299 1120 362 vaporibus
1157 317 1356 364 aegrum

135 396 246 428 aera
279 380 508 442 pulverea
542 378 738 441 penitus
774 379 867 427 sub
903 379 1094 428 casside
1131 382 1318 429 ducens

134 457 337 520 ingemit
371 467 419 506 et
454 457 604 506 iustas
639 458 756 507 belli
790 460 1068 507 flammatur
1103 459 1154 506 in
1190 460 1321 516 iras.-

0 551 1 577 ι
54 570 57 571 ⁷
134 537 266 585 hunc
300 538 473 586 saltem
509 537 696 586 miseris
731 539 908 586 ductor
942 539 1213 588 Thebanus
1250 542 1490 590 honorem
1705 560 1783 603 715

131 616 327 680 largitus
365 617 565 677 Danais,
603 620 739 680 quod
775 635 876 667 non
913 635 1057 681 super
1091 618 1197 682 ipsa
1231 619 1479 669 iacentum

68 705 73 709 '
131 713 335 760 corpora
369 697 623 760 belligeras
658 697 788 746 acies
827 701 1139 762 Martemque
1175 702 1451 748 secundum

72 808 74 810 -
131 777 325 826 miscuit
340 795 354 838 3
399 786 450 826 at
483 779 643 826 lacera
677 794 739 826 ne
776 777 897 841 quid
933 780 996 827 de
1031 788 1189 842 strage
1224 781 1468 830 nefandus

128 858 367 919 perderet,
405 857 597 920 eligitur
631 874 802 907 saevos
839 867 1014 921 potura
1049 875 1245 907 cruores

128 945 252 984 terra
286 936 435 986 rudis.
506 937 704 1001 iamque
738 940 950 987 alternas
985 938 1036 986 in
1072 939 1257 1002 proelia
1292 940 1452 1003 gentis
1703 959 1781 1003 7²0

126 1015 375 1066 dissimilis
412 1019 619 1067 Bellona
653 1020 748 1067 ciet
765 1037 780 1079 3
825 1035 927 1068 non
964 1021 1148 1067 clamor
1183 1019 1443 1083 utrimque,

125 1112 227 1159 non
263 1097 510 1160 utrimque
545 1098 723 1148 tubae:
780 1107 875 1147 stat
911 1099 1088 1148 debilis
1123 1101 1274 1148 altera
1309 1102 1467 1163 pubes

126 1176 397 1226 submissos
433 1177 563 1229 ensis
599 1178 901 1242 nequiquam
937 1189 1235 1242 amentaque
1271 1181 1452 1229 dextris

124 1258 232 1305 laxa
255 1266 429 1306 tenens
446 1277 460 1319 3
507 1259 692 1308 cedunt
727 1261 913 1318 tellure,
950 1259 1197 1322 armisque
1233 1261 1450 1309 reductis

123 1346 373 1386 ostentant
408 1347 594 1389 veteres
630 1338 901 1387 etiamnum
937 1339 988 1386 in
1024 1339 1262 1402 sanguine
1297 1342 1476 1403 plagas.
1701 1360 1777 1403 725

123 1417 219 1466 iam
255 1435 348 1468 nec
384 1418 638 1482 Cecropiis
674 1418 808 1468 idem
845 1419 1133 1468 ductoribus
1169 1421 1326 1478 ardor,

121 1499 544 1561 languescuntque
578 1498 742 1547 minae
778 1507 827 1548 et
861 1498 1012 1547 virtus
1048 1515 1220 1547 secura
1255 1499 1453 1548 residit:

120 1587 378 1627 ventorum
412 1580 546 1628 velut
580 1578 650 1627 ira
686 1577 858 1638 minor,
898 1578 992 1627 nisi
1029 1578 1149 1627 silva
1184 1579 1390 1628 furentis

120 1657 339 1722 impedit,
370 1658 636 1721 ,insanique
671 1661 836 1708 tacent
871 1658 977 1707 sine
1012 1659 1152 1708 litore
1187 1661 1378 1708 fluctus.

184 1742 253 1788 Vt
286 1755 402 1789 vero
437 1756 710 1803 aequoreus
746 1756 984 1803 quercum
1022 1740 1375 1790 Marathonida
1411 1744 1635 1793 Theseus
1697 1764 1776 1808 730

120 1820 302 1880 extulit,
341 1829 532 1869 erectae
567 1819 706 1868 cuius
742 1821 952 1869 crudelis
988 1821 1040 1869 in
1075 1822 1230 1870 hostis

118 1901 294 1960 umbra
327 1900 459 1949 cadit
495 1917 827 1963 campumque
863 1910 1051 1950 trucem
1087 1904 1169 1950 lux
1204 1902 1423 1966 cuspidis
1459 1904 1660 1968 implet:

118 1997 208 2030 ceu
245 1989 383 2044 pater
419 1982 626 2029 Edonos
663 1981 846 2030 Haemi
884 1983 948 2030 de
984 1981 1164 2031 vertice
1203 1986 1404 2032 Mavors

115 2060 364 2124 impulerit
398 2077 580 2120 currus,
617 2061 790 2124 rapido
826 2071 1136 2126 mortemque
1171 2065 1437 2127 fugamque

115 2158 204 2189 axe
238 2142 438 2202 vehens,
476 2141 547 2190 sic
582 2141 819 2190 exanimis
854 2142 906 2190 in
941 2151 1074 2206 terga
1109 2144 1301 2192 reducit
1691 2164 1768 2210 735

114 2223 270 2284 pallor
303 2221 612 2285 Agenoridas
628 2240 642 2282 3
690 2224 855 2271 taedet
890 2223 1191 2286 fugientibus
1228 2224 1300 2272 uti

114 2303 323 2362 Thesea,
360 2318 454 2350 nec
489 2302 684 2351 facilem
720 2302 948 2365 dignatur
982 2305 1152 2353 dextra
1187 2322 1428 2355 cruorem.

114 2391 276 2431 cetera
309 2382 506 2446 plebeio
541 2383 759 2432 desaevit
795 2384 1032 2447 sanguine
1066 2384 1230 2434 virtus.

169 2513 248 2560 716
282 2511 480 2561 Largitus
493 2511 599 2562 PQ:
632 2510 826 2563 lssrgitus
844 2512 885 2550 Β
905 2527 913 2551 :
944 2514 1137 2563 Largitur
1156 2514 1282 2554 KNS
1405 2518 1484 2565 718
1513 2522 1556 2555 at
1579 2516 1769 2558 Grotius:

112 2570 184 2603 aut
198 2564 341 2603 PSN:
362 2571 433 2604 aut
447 2565 493 2618 <h
509 2572 600 2616 sup,
617 2579 641 2604 a
661 2566 779 2617 add.)
794 2567 860 2605 K:
881 2567 954 2614 lut
973 2568 1036 2606 B:
1065 2573 1109 2606 ut
1127 2568 1208 2618 ΩΑ
1321 2577 1521 2609 cruentus
1534 2571 1576 2609 A
1692 2586 1768 2622 723

107 2627 239 2657 'enses
254 2632 338 2658 om.
354 2619 397 2657 P
506 2631 583 2668 725
605 2622 834 2659 ostendunt
847 2620 930 2670 ΝΩ
1041 2635 1116 2671 727
1137 2623 1285 2661 residit
1298 2623 1380 2661 PB
1399 2638 1407 2662 t
1433 2625 1594 2664 resedit
1605 2626 1769 2677 KNSQ

113 2674 193 2722 728
222 2678 250 2710 fi
271 2673 379 2712 silva
402 2673 440 2723 Q
552 2686 629 2723 729
658 2674 794 2713 iacent
813 2674 854 2712 P
871 2680 908 2713 et
926 2675 1027 2715 coni.
1049 2676 1261 2716 Baehrens
1372 2690 1448 2727 733
1468 2680 1629 2718 edonos
1649 2680 1735 2720 edd.
1758 2696 1766 2720 :

112 2726 286 2766 edonios
313 2726 485 2778 PBQK
499 2741 508 2767 ε
543 2728 750 2768 edomitos
774 2728 866 2778 SN,
888 2730 934 2779 cf.
958 2729 1011 2770 iv.
1034 2731 1114 2779 652
1255 2744 1334 2782 734
1365 2745 1511 2771 cursus
1542 2733 1764 2785 (suprascr.

111 2780 308 2833 †currus)
332 2781 371 2831 Q
