1884 3204
61 123 64 125 ,
127 79 180 127 Ρ.
221 78 464 126 ΡΑΡΙΝΙ
503 76 709 126 STATI

134 218 207 266 II.
304 218 518 272 IAMQVE
552 231 640 279 per
673 216 901 277 Aegaeos
936 212 1040 264 ibat
1076 212 1271 263 Laertia
1305 214 1459 262 flexus
1587 210 1591 212 ’
1718 218 1798 273 675

226 297 408 361 puppis
444 306 493 346 et
527 296 818 345 innumerae
854 295 1079 344 mutabat
1116 295 1364 359 Cyclados
1400 309 1546 343 oras:

229 378 328 428 iam
366 381 518 428 Paros
554 379 861 441 Olearosque
896 379 1084 438 latent3
1130 376 1229 425 iam
1265 375 1452 425 raditur
1486 376 1585 424 alta

231 463 450 510 Lemnos
486 469 535 509 et
569 476 599 508 a
633 468 771 523 tergo
807 458 1047 508 decrescit
1084 456 1331 507 Bacchica
1367 458 1551 516 Naxos,

176 564 198 604 5
225 551 341 592 ante
376 543 550 591 oculos
587 549 838 590 crescente
874 542 1024 589 Samo
1042 558 1056 601 3
1094 539 1193 587 iam
1231 540 1387 587 Delos
1423 545 1601 600 opacat
1876 598 1878 602 .

230 640 431 687 aequor,
469 622 557 671 ubi
592 639 620 671 e
656 623 788 671 celsa
823 621 981 670 libant
1016 619 1267 670 carchesia
1301 617 1458 682 puppi
1721 623 1804 666 680

231 704 558 768 responsique
595 705 748 752 fidem
784 712 833 752 et
868 719 1040 751 verum
1078 703 1354 753 Calchanta
1389 708 1667 764 precantur.

230 786 389 836 audiit
424 785 760 848 Arquitenens
795 785 1177 847 Zephyrumque
1213 800 1240 832 e
1275 782 1458 832 vertice
1494 779 1680 845 Cynthi

231 866 427 930 impulit
463 876 512 915 et
547 865 713 915 dubiis
749 867 899 928 pleno
936 864 1076 913 dedit
1112 863 1282 912 omina
1316 864 1441 912 velo.

156 969 205 997 10
229 948 267 997 it
302 947 463 1012 pelagi
499 964 671 996 secura
706 945 850 994 ratis:
887 944 1073 1009 quippe
1109 946 1208 993 alta
1243 943 1488 993 Tonantis

231 1029 365 1078 iussa
400 1027 586 1077 Thetin
622 1036 778 1076 certas
814 1028 1028 1075 fatorum
1063 1034 1250 1075 vertere
1285 1027 1418 1088 leges
1723 1029 1805 1082 685
1878 1040 1884 1096 j

231 1111 467 1159 arcebant
503 1126 699 1173 aegram
735 1107 948 1157 lacrimis
984 1124 1042 1156 ac
1079 1108 1236 1155 multa
1270 1105 1544 1165 timentem,

233 1192 372 1255 quod
408 1208 512 1240 non
548 1199 737 1239 erueret
772 1198 983 1253 pontum
1019 1187 1279 1251 ventisque
1314 1186 1548 1250 fretisque

233 1273 468 1322 omnibus
504 1271 717 1321 invisum
752 1271 851 1320 iam
887 1281 1007 1320 tunc
1043 1279 1329 1334 sequeretur
1357 1268 1567 1317 Vlixem.

159 1376 206 1416 15
303 1355 580 1418 Frangebat
615 1353 779 1402 radios
814 1352 991 1401 humili
1025 1351 1124 1401 iam
1160 1367 1345 1416 pronus
1382 1351 1599 1413 Olympo

234 1437 470 1485 Phoebus
507 1445 555 1484 et
592 1434 783 1485 Oceani
818 1433 1124 1498 penetrabile
1158 1433 1273 1481 litus
1308 1431 1500 1481 anhelis
1725 1437 1808 1493 690

235 1518 557 1582 promittebat
593 1517 747 1581 equis,
787 1534 902 1565 cum
939 1533 992 1566 se
1028 1517 1292 1581 scopulosa
1325 1513 1504 1564 levavit

235 1603 446 1663 Scyros3
482 1599 532 1648 in
567 1601 698 1648 hanc
734 1608 865 1648 totos
901 1597 1064 1647 emisit
1098 1613 1266 1661 puppe
1302 1594 1524 1645 rudentis

236 1683 337 1731 dux
372 1680 658 1730 Laertiades
693 1679 940 1743 sociisque
971 1695 1218 1727 resumere
1253 1686 1464 1741 pontum

160 1783 212 1812 20
235 1763 443 1827 imperat
479 1772 529 1812 et
562 1761 710 1811 remis
745 1763 996 1825 Zephyros
1032 1761 1261 1823 supplere
1296 1757 1533 1808 cadentis.

109 1838 112 1841 ⁵
235 1846 483 1894 accedunt
518 1843 664 1902 iuxta,
704 1851 754 1892 et
788 1841 943 1905 magis
977 1840 1257 1890 indubitata
1292 1839 1546 1903 magisque
1729 1846 1809 1901 695

238 1929 414 1990 Scyros
451 1935 553 1974 erat
589 1923 871 1989 placidique
907 1940 1054 1987 super
1089 1921 1314 1971 Tritonia
1349 1929 1515 1970 custos

237 2008 405 2057 litoris.
479 2006 659 2071 egressi
695 2022 883 2055 numen
919 2013 1215 2054 venerantur
1248 2001 1437 2052 amicae

239 2092 549 2153 Aetolusque
589 2090 892 2150 Ithacusque
928 2088 1066 2136 deae.
1138 2094 1258 2134 tunc
1293 2083 1529 2148 providus
1564 2084 1723 2144 heros,

163 2193 212 2233 25
238 2170 435 2235 hospita
470 2188 534 2219 ne
569 2169 734 2219 subito
771 2177 1006 2218 terrerent
1041 2166 1239 2216 moenia
1275 2175 1436 2225 coetu,
1881 2218 1884 2219 ⁷

240 2269 409 2317 puppe
446 2252 584 2301 iubet
619 2267 873 2300 remanere
909 2266 1025 2298 suos
1042 2267 1056 2310 3
1097 2248 1203 2312 ipse
1238 2249 1393 2296 ardua
1427 2248 1530 2296 fido
1731 2263 1811 2309 700
1870 2235 1884 2310 J.

239 2351 355 2384 cum
393 2333 643 2383 Diomede
677 2332 813 2396 petit.
885 2332 974 2380 sed
1010 2330 1108 2378 iam
1143 2338 1462 2394 praevenerat
1495 2327 1619 2377 arcis

194 2467 276 2514 676
306 2464 492 2503 mutabat
521 2462 642 2514 (sort.
668 2462 885 2501 mutabant
911 2474 963 2500 sc.
987 2460 1084 2509 viri)
1114 2459 1326 2509 Cyclados
1355 2470 1452 2497 oras
1479 2457 1648 2508 scm'pSi:
1677 2462 1810 2496 muta·
1876 2451 1878 2453 ’

141 2521 242 2559 bant
277 2519 489 2569 Cyclades
525 2530 651 2557 auras
684 2515 798 2556 codd.
820 2531 828 2555 ε
858 2516 1101 2554 innumeras
1120 2543 1130 2553 .
1155 2543 1166 2554 .
1192 2544 1202 2554 .
1224 2513 1434 2563 Cycladas
1454 2525 1581 2551 aurae
1602 2512 1799 2563 Koestlin,
1874 2523 1884 2558 j,

139 2575 277 2622 Klotz,
324 2572 497 2612 Wilkins
697 2573 779 2611 680
809 2570 980 2609 excelsa
1010 2569 1052 2608 E
1239 2570 1320 2617 683
1341 2567 1467 2617 plena
1484 2565 1526 2605 E
1728 2567 1809 2615 684
1857 2562 1860 2565 ‘

140 2629 280 2679 pelagi
311 2628 395 2667 EK
427 2632 552 2677 (recte,
578 2640 696 2674 nam,
732 2626 772 2664 si
803 2624 946 2664 Thetin
978 2624 1136 2674 timent,
1169 2627 1215 2662 at
1225 2626 1393 2674 propter
1401 2622 1626 2673 pelagum:
1655 2620 1809 2671 pelago

142 2683 238 2733 PQl
378 2684 460 2721 686
489 2683 709 2721 timentem
733 2681 796 2719 P:
825 2685 1056 2718 tumentem
1079 2678 1231 2716 Klotz:
1265 2682 1508 2727 gementem
1528 2675 1597 2714 Εω
1730 2676 1808 2723 69ῐ
1878 2688 1884 2690 “

142 2751 237 2777 cum
257 2751 281 2776 e
303 2736 343 2774 Ρ
485 2739 565 2786 693
594 2736 806 2785 sociisque
826 2733 892 2772 P:
922 2734 1148 2783 sociosque
1176 2731 1246 2770 Eo)
1356 2737 1526 2781 portum
1545 2729 1588 2769 P
1730 2730 1810 2779 695

142 2793 373 2897 ἱῐιὲὶῐῑὲῗθξῑρε
392 2792 520 2831 iussis
552 2807 582 2830 ω
692 2797 735 2830 et
757 2794 791 2829 Π
810 2803 819 2828 :
855 2788 983 2828 etiam
1003 2788 1074 2827 K:
1113 2793 1153 2838 et
1188 2786 1254 2836 Q:
1288 2799 1371 2825 om.
1394 2785 1507 2825 codd.
1529 2784 1619 2824 dett.
1732 2785 1812 2833 699
