1884 3204
86 94 150 146 Ρ.
184 91 432 144 ῬΑΡΙΝῙ
468 93 674 145 STATI

93 242 210 282 ante
244 232 368 283 alios
403 242 506 283 erat
540 242 692 284 uncta
725 235 851 299 pale.
923 233 993 285 sic
1028 232 1130 285 otia
1171 234 1346 286 Martis
1681 232 1779 299 835³

94 315 274 378 degere
309 324 358 365 et
392 314 642 364 armiferas
677 317 839 366 laxare
873 325 1153 379 assueverat
1186 316 1281 366 iras
1602 314 1604 317 ’
1765 324 1771 325 ’

92 394 307 459 ingentis
343 404 516 445 contra
549 395 632 445 ille
667 395 797 446 viros
833 396 1076 446 Acheloia
1110 397 1297 447 circum

90 476 237 526 litora
271 476 528 540 felicisque
563 478 662 526 deo
698 487 1005 528 monstrante
1039 480 1320 542 palaestras.

162 559 296 622 Ergo
331 556 419 607 ubi
453 558 677 608 luctandi
711 558 914 609 iuvenes
948 559 1174 609 animosa
1208 558 1375 609 citavit

91 637 258 703 gloria,
297 638 533 688 terrificos
570 639 752 689 umeris
787 643 995 708 Aetolus
1031 641 1242 705 amictus
1683 636 1781 703 835.ss

93 719 285 770 exuitur
319 719 634 785 patriumque
669 738 824 771 suem.
896 724 1026 771 levat
1059 724 1216 772 ardua
1251 731 1423 772 contra
1779 723 1781 726 ⁴

92 802 318 851 membra
353 803 634 866 Cleonaeae
670 802 831 866 stirpis
868 801 1074 853 iactator
1108 805 1358 867 AgylleUS,

86 882 346 932 *Herculea
380 899 475 931 nec
512 884 643 931 mole
679 882 855 942 minor,
895 882 966 932 sic
1001 884 1272 947 grandibus
1307 886 1406 933 alte

89 964 348 1027 insurgens
385 962 567 1012 umeris
602 962 862 1012 hominem
899 980 1047 1028 super
1081 964 1339 1028 improbus
1375 964 1486 1014 exit.

91 1046 181 1094 sed
216 1061 320 1093 non
355 1043 438 1093 ille
474 1043 602 1107 rigor
636 1043 951 1108 patriumque
986 1045 1039 1094 in
1075 1062 1282 1109 corpore
1317 1045 1500 1095 robur:
1593 1097 1595 1099 ,
1684 1052 1770 1108 840

92 1126 340 1175 luxuriant
373 1134 521 1185 artus,
561 1126 816 1189 effusaque
851 1125 1091 1189 sanguine
1125 1129 1237 1175 laxo
1795 1127 1805 1134 “

91 1207 317 1257 membra
343 1215 525 1255 'natant
541 1225 555 1268 3
601 1206 720 1256 inde
756 1208 881 1257 haec
915 1209 1078 1257 audax
1114 1206 1298 1257 fiducia
1333 1215 1528 1257 tantum

92 1288 321 1339 Oenidae
357 1305 588 1352 superare
623 1305 808 1352 parem.
881 1305 1186 1353 quamquam
1223 1288 1329 1353 ipse
1364 1288 1519 1339 videri

90 1368 309 1434 exiguus,
347 1368 511 1434 gravia
546 1386 658 1418 ossa
694 1378 863 1419 tamen
898 1369 1145 1434 nodisque
1180 1369 1350 1420 lacerti
1790 1428 1809 1434 ,Ἴ

91 1450 331 1501 difficiles.
404 1468 681 1515 numquam
717 1453 852 1500 hunc
887 1450 1111 1500 animum
1148 1453 1339 1500 Natura
1374 1450 1553 1501 minori
1682 1461 1764 1514 845
1806 1442 1807 1447 ¹

93 1549 300 1597 corpore
335 1549 429 1581 nec
465 1541 627 1581 tantas
663 1549 783 1581 ausa
819 1542 893 1581 est
928 1532 1183 1582 includere
1218 1532 1344 1582 viris.
1807 1521 1811 1527 ⁵

162 1613 434 1674 Postquam
471 1612 584 1659 oleo
619 1611 786 1674 gavisa
821 1610 962 1672 cutis,
1001 1610 1124 1675 petit
1159 1627 1347 1675 aequor
1381 1619 1592 1675 uterque

91 1709 331 1756 procursu
367 1691 591 1741 medium
626 1700 777 1755 atque
812 1693 990 1741 hausta
1023 1691 1227 1742 vestitur
1261 1693 1459 1742 harena.

91 1783 200 1823 tum
236 1773 467 1823 madidos
503 1782 635 1822 artus
671 1775 862 1822 alterno
898 1775 1099 1837 pulvere
1135 1773 1336 1834 siccant,
1818 1839 1820 1842 v

92 1857 321 1919 collaque
356 1855 636 1904 demersere
663 1844 854 1903 'umeris
891 1864 940 1903 et
976 1854 1208 1904 bracchia
1247 1856 1345 1904 late
1685 1866 1767 1918 850

92 1952 207 1984 vara
242 1943 428 1985 tenent.
501 1933 600 1983 iam
637 1943 757 1983 tunc
793 1924 901 1984 astu
939 1935 1144 1985 deducit
1178 1935 1231 1984 in
1265 1952 1482 2002 aequum
1823 1936 1825 1938 ’

92 2015 300 2065 callidus
337 2025 386 2065 et
422 2017 612 2065 celsum
648 2026 911 2080 procurvat
949 2019 1156 2081 Agyllea
1191 2019 1409 2081 TydeuS,

33 2136 35 2138 a
92 2096 370 2146 submissus
406 2106 544 2161 tergo
581 2106 629 2146 et
664 2097 875 2161 genibus
910 2098 1102 2148 vicinus
1138 2100 1365 2148 harenae.

88 2179 172 2228 ille
208 2188 391 2240 autem,
430 2178 602 2243 Alpini
638 2179 791 2229 veluti
826 2179 993 2243 regina
1033 2198 1294 2245 cupressus

90 2259 285 2309 verticis
321 2259 514 2324 urgenti
550 2260 796 2310 cervicem
833 2260 1039 2310 inclinat
1074 2261 1124 2310 in
1162 2264 1361 2322 Austro,
1685 2272 1767 2325 855

87 2341 170 2390 vix
205 2358 313 2391 sese
348 2341 514 2391 radice
549 2350 739 2403 tenens,
778 2351 1033 2407 terraeque
1068 2343 1382 2407 propinquat,

92 2424 390 2473 iamdudum
425 2423 668 2473 aetherias
705 2426 881 2474 eadem
917 2424 1134 2474 reditura
1168 2425 1262 2474 sub
1296 2441 1470 2475 auras:

145 2555 228 2604 830
258 2552 356 2605 pale
376 2552 493 2594 edd:
526 2553 647 2604 pales
665 2552 809 2594 PwSL
975 2555 1053 2604 831
1082 2554 1314 2606 armigeras
1334 2555 1382 2594 N
1541 2557 1622 2607 833
1650 2570 1766 2598 mon·
1832 2576 1833 2579 ¹
1872 2557 1876 2560 ’

92 2614 230 2649 strare
249 2610 291 2648 P
311 2653 316 2657 ,
463 2610 546 2658 836
574 2615 828 2660 patrumque
857 2607 897 2659 Q
989 2621 1066 2648 sue
1092 2609 1136 2648 P
1306 2611 1390 2659 838
1417 2610 1453 2650 si
1473 2610 1546 2663 P¹,
1570 2625 1673 2653 corr.
1701 2612 1766 2651 P²
1830 2610 1835 2613 “

92 2665 174 2714 842
203 2664 302 2702 inde
322 2662 456 2701 BDN
469 2678 479 2703 ε
500 2665 621 2703 unde
642 2663 722 2713 PQ
741 2677 752 2703 ι
778 2663 821 2702 in
842 2664 922 2702 hec
943 2662 983 2714 Q
1116 2664 1198 2713 850
1227 2664 1470 2704 demersant
1489 2666 1532 2705 A
1620 2707 1623 2710 Α
1683 2667 1766 2717 851

89 2732 194 2758 vara
219 2718 336 2757 PBL
357 2731 368 2757 ε
396 2723 516 2756 vasta
539 2719 759 2768 (suprascr.
780 2731 883 2757 vara
910 2717 998 2758 ead.
1026 2716 1083 2757 m.
1103 2717 1158 2769 Q)
1176 2718 1219 2756 A
1239 2732 1249 2758 ε
1276 2732 1406 2759 curva
1428 2723 1647 2772 (suprascr.
1665 2734 1765 2761 vara
1803 2767 1814 2769 ⁷.

91 2773 147 2813 al.
178 2775 258 2821 m.)
289 2771 358 2812 N:
391 2785 518 2812 curva
538 2773 583 2811 D
602 2773 671 2823 (ἓ),
693 2772 741 2812 de
759 2772 840 2812 ΚΞ
859 2786 943 2811 non
961 2772 1086 2824 liquet
1212 2774 1292 2823 853
1319 2775 1586 2814 summissum
1615 2776 1654 2828 (s
1673 2783 1764 2828 sup.
1831 2822 1833 2825 ¹

48 2867 56 2873 ,
91 2840 163 2865 um
184 2827 302 2879 add.)
325 2827 364 2877 Q
525 2829 605 2877 855
634 2827 829 2878 urguenti
849 2827 893 2866 P
909 2841 918 2866 :
946 2833 1180 2878 urguentes
1202 2829 1420 2879 (ingentes
1438 2828 1500 2880 N)
1520 2828 1591 2869 ωδ
1687 2829 1762 2881 'in]

90 2882 145 2921 ad
166 2882 214 2921 N
319 2886 463 2922 austro
482 2881 697 2922 Baehrens
716 2896 727 2923 ε
763 2887 931 2922 austros
947 2882 1060 2922 codd.
1174 2883 1256 2933 857
1286 2889 1471 2924 actutum
1490 2883 1739 2926 Phillimore
