1884 3204
1017 111 1428 160 THEBAIDOS
1465 111 1680 159 LIBER
1715 112 1760 158 X

117 256 212 306 tela
245 260 404 316 queat,
442 251 531 299 sed
564 247 714 312 prolis
748 264 887 297 amor
920 248 1137 298 crudelia
1171 248 1324 297 vincit

68 346 73 358 '
115 341 324 400 pectora,
362 340 410 380 et
444 347 474 379 a
508 328 671 378 media
706 330 894 376 catulos
930 328 1262 391 circumspicit
1296 328 1377 377 ira.

114 423 163 465 et
196 412 292 462 iarn
326 413 464 460 laeva
497 408 613 468 viro,
650 407 873 471 quamvis
909 408 1092 458 saevire
1127 417 1312 457 vetaret
1680 426 1763 463 420

2 479 30 534 s
114 491 380 556 Amphion,
417 498 582 553 erepta
617 505 806 548 manus,
843 488 1080 552 puerique
1115 490 1373 537 trahuntur

112 590 197 633 ora
230 571 404 636 supina
437 568 625 619 comis:
673 586 807 618 serus
843 578 962 618 tunc
997 568 1214 632 denique
1250 570 1454 632 supplex

0 640 2 694 {
58 639 70 667 ³
112 652 326 704 demisso
361 667 595 700 mucrone
630 658 795 714 rogat:
844 652 857 675 ‘
880 650 1203 710 Moderatius,
1241 665 1343 708 oro,

0 0 42 452 l

0 486 7 614 l

0 652 6 792 ἑ

78 732 287 792 ’·(1ιιοίῖε,
325 730 546 780 fulminei
581 747 667 794 per
701 747 788 779 vos
823 730 1071 779 cunabula
1107 728 1291 778 Bacchi

111 815 384 875 Inoamque
418 812 582 874 fugam
617 810 862 874 vestrique
898 809 1208 860 Palaemonis
1243 812 1430 859 annos!
1678 825 1759 867 425

82 892 150 944 'si
183 891 263 942 cui
296 893 420 941 forte
454 890 592 940 domi
626 900 854 940 natorum
888 891 1083 955 gaudia,
1119 890 1159 939 si
1194 889 1302 954 quis

108 973 189 1024 hic
222 981 370 1038 pater,
408 971 602 1035 angusti
636 989 790 1036 puero
827 973 940 1022 date
976 971 1187 1036 pulveris
1222 973 1425 1020 haustus

50 1105 65 1115 Ἴ
109 1053 429 1118 exiguamque
463 1054 653 1102 facem!
701 1062 851 1116 rogat,
889 1070 951 1102 en
987 1062 1123 1116 rogat
1157 1051 1262 1116 ipse
1297 1049 1503 1100 tacentis

107 1136 302 1184 vultus:
348 1150 440 1197 ego
475 1132 701 1182 infandas
736 1133 898 1197 potior
933 1133 1106 1182 satiare
1140 1131 1368 1193 volucris,

108 1229 188 1263 me
221 1213 452 1277 praebete
487 1213 613 1273 feris,
651 1230 743 1277 ego
779 1214 908 1262 bella
942 1215 1124 1263 audere
1160 1212 1328 1276 coegi.'
1680 1229 1760 1269 430

110 1295 327 1343 ‘Immo'
362 1292 429 1342 ait
463 1293 719 1357 Amphion
758 1299 952 1358 ‘regem
989 1294 1029 1342 si
1065 1303 1199 1342 tanta
1234 1292 1418 1356 cupido

43 1428 67 1454 s
106 1375 332 1433 condere,
371 1390 497 1437 quae
532 1373 716 1423 timidis
751 1374 868 1423 belli
904 1391 1058 1435 mens,
1097 1375 1203 1434 ede,
1243 1371 1471 1435 Pelasgis,

108 1453 227 1518 quid
261 1453 399 1503 fracti
433 1470 802 1518 exsanguesque
836 1463 1010 1517 parent
1027 1473 1042 1515 ,·
1087 1463 1267 1503 cuncta
1302 1452 1439 1501 ocius
1476 1452 1610 1512 effer,

107 1545 155 1585 et
187 1534 286 1584 vita
319 1536 610 1597 tumuloque
644 1534 785 1583 ducis
820 1536 1033 1584 donatus
1067 1534 1235 1583 abito.'

104 1615 289 1665 horruit
322 1623 371 1665 et
405 1624 510 1664 toto
544 1614 830 1679 praecordia
861 1614 1084 1678 protinus
1120 1616 1273 1663 Arcas
1678 1631 1758 1672 435

105 1695 323 1759 implevit
357 1698 546 1759 capulo.
623 1697 977 1758 ‘Summumne
1012 1697 1109 1744 hoc
1143 1693 1394 1744 cladibus'
1429 1691 1590 1756 inquit

110 1777 305 1839 ‘deerat
340 1785 394 1825 ut
427 1776 653 1825 adflictos
689 1786 935 1840 turparem
971 1793 1064 1840 ego
1100 1775 1322 1839 proditor
1357 1775 1557 1838 Argos?

22 1890 27 1895 -
105 1856 174 1906 nil
208 1856 417 1906 emimus
453 1857 590 1918 tanti,
628 1874 721 1906 nec
757 1857 797 1905 si
831 1857 947 1906 velit
982 1857 1087 1920 ipse
1122 1855 1356 1906 cremari.'
1395 1915 1398 1917 .

106 1937 174 1987 sic
207 1937 288 1997 ait,
327 1947 375 1986 et
410 1955 590 2001 magno
624 1936 923 2000 proscissum
958 1939 1158 1986 vulnere
1193 1945 1365 2000 pectus

104 2017 270 2067 iniecit
303 2034 835 2084 puero,·supremaque
871 2034 1120 2066 murmura
1153 2019 1384 2065 volvens:
1677 2034 1760 2076 440

108 2102 120 2124 ‘
139 2100 256 2147 Hoc
291 2107 457 2146 tamen
492 2097 678 2147 interea
712 2115 908 2146 mecum
943 2097 1131 2161 potiare
1166 2097 1421 2160 sepulcro.'

104 2180 224 2228 tales
260 2178 438 2241 optatis
473 2195 640 2241 regum
676 2178 727 2226 in
762 2178 1100 2242 complexibus
1134 2178 1302 2239 ambo,

105 2276 192 2324 par
225 2258 414 2322 insigne
450 2258 640 2319 animis,
677 2261 884 2308 Aetolus
920 2268 969 2307 et
1002 2258 1198 2307 inclitus
1237 2260 1401 2317 Arcas,

106 2338 320 2402 egregias
355 2339 521 2387 efflant
555 2338 744 2387 animas
779 2340 978 2402 letoque
1013 2340 1249 2386 fruuntur.

104 2435 192 2468 vos
227 2435 427 2483 quoque
462 2419 649 2479 sacrati,
687 2419 910 2482 quamvis
945 2436 1056 2468 mea
1091 2418 1308 2467 carmina
1341 2426 1540 2481 surgant
1675 2439 1755 2479 445

158 2549 239 2596 418
267 2548 481 2598 pronusP
585 2561 666 2600 419
694 2549 738 2601 a]
761 2549 804 2588 in
826 2549 925 2589 Cod.
950 2549 1068 2601 Corp.
1088 2553 1124 2587 et
1142 2548 1240 2588 coni.
1261 2548 1460 2599 Beaupre'
1473 2548 1569 2586 Bell
1676 2562 1752 2600 421

33 2597 35 2599 ¹
105 2607 247 2642 erecta
265 2601 309 2640 P
548 2616 629 2652 422
657 2616 753 2642 sero
773 2602 837 2641 Ρ2
1077 2615 1157 2652 423
1185 2603 1475 2642 moderantius
1498 2602 1596 2642 Cod.
1622 2603 1755 2655 Corp.‚

102 2655 238 2696 Barth
429 2669 508 2706 424
537 2670 691 2707 parvos
727 2657 807 2707 PQ
837 2657 881 2710 (e
913 2664 1004 2709 sup.
1036 2670 1061 2696 a
1091 2657 1186 2696 add.
1205 2656 1281 2706 Ql)
1465 2658 1545 2705 428
1571 2659 1759 2698 tacentis

103 2709 356 2749 Markland:
393 2711 568 2750 iacentis
587 2711 699 2750 codd.
880 2724 958 2760 437
988 2717 1204 2761 turparem
1226 2711 1293 2760 Q:
1322 2711 1533 2750 turbarem
1554 2710 1760 2751 PDKNS

104 2765 184 2814 438
211 2764 248 2804 si
268 2763 449 2803 PBK1.
477 2766 538 2803 sic
557 2764 785 2814 DK²NQS
917 2778 992 2815 441
1027 2778 1191 2804 mecum
1208 2765 1376 2816 scripsi:
1405 2770 1446 2803 et
1466 2764 1566 2804 tuP
1644 2766 1757 2805 claro

104 2817 174 2857 mS
331 2819 498 2868 potiore
530 2822 573 2871 (a
601 2826 694 2870 sup.
729 2831 756 2858 o
785 2819 904 2868 add.)
937 2819 1006 2858 P:
1048 2819 1212 2868 potiere
1245 2819 1316 2858 D.
1360 2820 1524 2870 potiare
1554 2819 1760 2870 BKNQS

104 2883 184 2922 442
211 2872 255 2913 in
273 2885 356 2912 om.
378 2873 425 2912 N
584 2885 685 2922 442-
691 2874 768 2923 481
785 2879 913 2923 paene
931 2874 1114 2913 exstinctz
1130 2886 1175 2912 m
1194 2873 1239 2912 D
1524 2918 1528 2921 N
1738 2917 1746 2920 Ἀ

1571 2927 1647 2966 18*
1740 2955 1748 2964 2
