1884 3204
964 57 1375 106 THEBAIDOS
1413 59 1627 106 LIBER
1666 60 1738 106 IX

94 195 342 251 emersisse
377 193 526 253 vadiS,
566 193 722 258 piguit
756 193 862 242 sine
897 195 1040 242 fratre
1075 193 1261 243 reverti.
1516 229 1518 232 ι
1663 211 1737 255 275

92 282 366 339 surgentem
402 273 570 320 dextra
606 271 851 333 Capetum
887 271 1164 332 vulnusque
1199 270 1470 319 minantem

59 354 63 362 ’
91 354 318 406 sorbebat
352 350 549 415 rapidus
585 351 771 399 nodato
805 349 992 412 gurgite
1027 358 1220 410 vertex;

91 435 187 486 iam
222 435 371 492 vultu,
408 431 505 480 iam
541 429 674 479 crine
709 431 838 488 latet,
878 428 975 478 iam
1012 431 1211 479 dextera
1245 447 1524 494 nusquam,-

91 515 288 567 ultimus
322 513 547 575 abreptas
583 509 712 560 ensis
748 509 1005 559 descendit
1039 509 1090 558 in
1125 512 1298 559 undas.

91 595 222 646 mille
256 591 416 642 modis
451 590 535 640 leti
570 590 773 640 miseros
809 607 939 639 mors
976 607 1075 639 una
1109 590 1289 654 fatigat.
1319 606 1322 609 ·
1665 600 1742 640 280

56 667 60 670 ⁵
90 674 248 727 induit
281 690 311 722 a
345 682 479 736 tergo
516 670 784 734 Mycalesia
818 670 981 734 cuspis
1016 673 1268 735 Agyrten3

89 754 309 820 respexit,
347 770 591 816 nusquam
626 761 798 801 auctor
832 762 946 811 erat,
986 754 1074 802 sed
1109 752 1303 801 concita
1338 762 1493 802 tractu

90 835 285 902 gurgitis
321 834 558 898 effugiens
594 833 845 883 invenerat
880 835 1021 882 hasta
1055 850 1293 883 cruorem.

158 915 342 980 Figitur
376 925 424 965 et
459 914 648 964 validos
684 914 882 978 sonipes
917 917 1125 964 Aetolus
1160 914 1211 963 in
1246 931 1421 975 armos,

91 996 380 1059 exsiluitque
413 998 510 1045 alte
544 995 592 1044 vi
627 995 796 1044 mortis
831 1004 880 1044 et
914 998 1026 1044 aera
1059 996 1282 1059 pendens
1668 1009 1742 1060 285

55 1117 58 1119 Α
91 1078 310 1128 verberat
329 1095 343 1138 3
390 1077 524 1125 haud
559 1084 726 1125 tamen
761 1084 834 1125 est
869 1076 1090 1124 turbatus
1127 1076 1329 1125 flumine
1365 1078 1552 1136 ductor,

92 1159 179 1208 sed
214 1156 468 1206 miseratur
502 1173 700 1219 equum,
739 1172 1018 1218 magnoque
1054 1173 1113 1205 ex
1147 1158 1347 1206 vulnere
1382 1159 1535 1206 telum

91 1237 221 1289 exuit
254 1237 359 1301 ipse
394 1253 596 1301 gemens
632 1246 681 1286 et
716 1245 892 1300 sponte
927 1235 1114 1285 remisit
1148 1238 1381 1286 habenas.

91 1319 207 1368 inde
241 1319 394 1382 pedes
429 1316 604 1381 repetit
639 1333 828 1380 pugnas
862 1332 1129 1380 gressuque
1165 1333 1414 1380 manuque

91 1398 276 1458 certior,
315 1407 364 1447 et
399 1413 600 1460 segnem
638 1396 877 1445 Nomium
913 1398 1190 1459 fortemque
1227 1397 1472 1447 Mimanta
1668 1422 1745 1462 290

92 1479 481 1541 Thebaeumque
517 1476 706 1526 Lichan
742 1476 1219 1540 Anthedoniumque
1255 1480 1495 1541 Lycetum

94 1559 346 1609 continuat
380 1561 506 1608 ferro
541 1557 848 1621 geminisque
883 1574 911 1606 e
945 1557 1172 1607 fratribus
1207 1576 1362 1607 unum

93 1639 410 1703 Thespiaden
426 1657 440 1700 3
486 1641 662 1688 eadem
698 1638 923 1702 poscenti
957 1640 1057 1687 fata
1092 1641 1313 1689 Panemo

97 1721 251 1770 ‘Vive
286 1730 530 1784 superstes
549 1722 560 1743 '
595 1719 662 1770 ait
701 1725 712 1747 ‘
731 1720 964 1783 diraeque
999 1721 1064 1769 ad
1099 1721 1296 1770 moenia
1331 1723 1531 1773 Thebes

94 1803 225 1851 solus
260 1801 356 1861 abi,
394 1801 598 1850 miseros
631 1817 734 1850 non
770 1802 1036 1864 decepture
1071 1811 1310 1865 parentes.
1672 1826 1746 1867 295

94 1881 147 1931 di
181 1882 322 1942 bene,
360 1883 496 1944 quod
531 1898 720 1946 pugnas
754 1881 981 1945 rapidum
1017 1882 1196 1932 deiecit
1230 1882 1281 1930 in
1317 1900 1516 1933 amnem

95 1962 363 2026 sanguinea
398 1965 605 2012 Bellona
637 1979 816 2011 manu:
863 1963 1009 2011 trahit
1044 1965 1179 2012 unda
1214 1964 1430 2014 timentis

95 2043 280 2107 gurgite
313 2043 496 2108 gentili,
533 2045 668 2092 nuda
702 2060 795 2092 nec
829 2044 1004 2093 flebilis
1040 2045 1215 2094 umbra

97 2124 320 2173 stridebit
353 2132 538 2174 vestros
574 2125 774 2187 Tydeus
810 2124 1194 2182 inhumatus‚ad
1229 2125 1387 2189 ignis,

96 2204 228 2254 ibitis
261 2204 518 2268 aequoreis
554 2204 774 2268 crudelia·
803 2206 984 2268 pabula
1018 2206 1261 2266 monstris,
1670 2232 1751 2272 300

97 2286 235 2334 illum
270 2295 396 2335 terra
429 2285 562 2334 vehit
598 2302 784 2348 suaque
819 2285 869 2334 in
905 2286 1172 2350 primordia
1207 2290 1392 2337 solvet.’

151 2425 229 2463 275
259 2413 391 2464 piguit
426 2413 488 2452 P:
537 2414 684 2464 puduit
720 2413 789 2452 ωδ
984 2417 1064 2464 276
1092 2421 1286 2466 capetum
1319 2417 1383 2456 P:
1424 2418 1638 2459 calethum
1671 2420 1757 2472 (vel

97 2467 227 2518 chal-)
246 2468 315 2506 ωδ
474 2480 550 2517 277
579 2468 734 2506 nodato
754 2467 943 2520 NQ²L(2)
964 2469 1073 2508 edd:
1100 2471 1257 2509 nudato
1275 2470 1425 2512 APLl.
1451 2474 1518 2525 <esi
1535 2475 1720 2526 Jahnke)
1743 2491 1754 2516 ε

99 2522 270 2572 modato
292 2522 392 2573 (—ut·
411 2528 503 2572 sup.
523 2523 616 2561 -od·
636 2521 754 2571 add.)
774 2522 842 2561 D:
872 2528 1019 2562 notato
1038 2524 1124 2562 ΒΚ
1128 2524 1200 2575 ¹9¹
1221 2538 1230 2563 :
1259 2531 1462 2566 montano
1481 2528 1527 2566 Κ
1530 2528 1546 2550 ²
1566 2543 1576 2568 :
1606 2535 1751 2569 natatu

36 2604 38 2606 ,
97 2565 178 2615 Ss:
206 2577 359 2614 vadato
380 2575 623 2627 (†undanti)
644 2575 701 2614 52
757 2583 907 2616 vortex
927 2577 970 2615 Ρ
983 2582 1021 2616 et
1036 2584 1126 2629 sup.
1142 2579 1213 2618 lin.
1229 2578 1277 2616 N
1364 2593 1442 2630 279
1470 2582 1667 2633 abreptas
1687 2583 1752 2623 P:

98 2630 296 2680 abruptas
322 2629 391 2668 ωδ
524 2630 615 2668 ensi
634 2629 677 2668 P
808 2631 861 2669 ad
889 2630 973 2669 PD
1003 2632 1066 2683 (in
1093 2639 1295 2684 suprascr.
1327 2633 1390 2684 D)
1527 2637 1695 2676 umbras
1716 2638 1758 2676 P

98 2684 177 2733 284
206 2684 378 2734 sonipes
396 2683 559 2722 validos
578 2683 623 2721 D
754 2686 759 2692 ’
783 2686 863 2723 286
893 2684 1063 2724 fulmine
1083 2685 1127 2724 P
1274 2688 1352 2737 287
1382 2701 1437 2727 ex
1455 2688 1538 2728 ΡΖ)
1555 2686 1578 2731 ε’
1593 2704 1618 2730 e
1631 2691 1754 2742 BNQ

99 2750 180 2787 290
207 2738 406 2777 mimanta
422 2737 508 2776 BD
527 2752 537 2776 ι
566 2738 754 2776 minanta
772 2738 936 2788 NKQS
949 2753 959 2778 τ
987 2741 1147 2780 minata
1164 2740 1220 2779 Ρ1
1239 2755 1248 2780 :
1276 2749 1477 2791 nymanta
1492 2743 1552 2782 Ρ2
1672 2758 1749 2796 291

100 2790 296 2842 lycheum
314 2791 357 2829 Ρ
500 2793 582 2841 296
610 2791 767 2842 delegit
785 2792 867 2830 PD
886 2795 1101 2844 (suprascr.
1127 2795 1304 2844 proiecit
1324 2796 1386 2846 D)
1531 2800 1612 2850 298
1641 2801 1753 2839 unda

101 2847 326 2899 (suprascr.
344 2845 507 2897 umbra)
529 2846 576 2884 N
732 2858 808 2896 301
839 2847 976 2888 solvet
995 2847 1101 2888 PD:
1139 2849 1263 2889 solvit
1282 2850 1487 2901 BKNQS
