1884 3204
557 521 772 569 LIBER
817 519 1137 569 OCTAVVS

73 674 172 740 1ἲῖἰ·
205 670 396 722 subitus
431 678 564 720 vates
600 669 897 735 pallentibus
933 667 1105 719 incidit
1141 668 1326 718 umbris

90 753 398 817 letiferasque
432 754 610 802 domos
645 750 877 814 orbisque
911 767 1089 799 arcana
1124 749 1301 814 sepulti

89 833 218 898 rupit
251 842 300 883 et
334 842 522 883 armato
557 831 768 882 turbavit
803 833 974 881 funere
1011 830 1191 891 Manis,

89 914 258 964 horror
293 914 442 964 habet
477 922 698 973 cunctos,
737 912 913 976 Stygiis
949 911 1188 961 mirantur
1223 911 1273 960 in
1310 910 1406 960 oris

88 995 184 1043 tela
219 1004 268 1044 et
303 1011 457 1059 equos
494 1010 770 1058 corpusque
805 1010 1025 1053 novum3
1067 1009 1159 1041 nec
1196 991 1328 1041 enim
1364 990 1560 1055 ignibus
1596 998 1728 1039 artus

88 1076 316 1128 conditus
351 1084 436 1124 aut
472 1083 658 1124 maesta
692 1073 828 1136 niger
863 1073 1161 1122 adventabat
1196 1074 1260 1122 ab
1297 1089 1431 1132 urna,
1717 1077 1742 1118 6

15 1187 17 1191 ·
87 1159 176 1208 sed
212 1156 328 1207 belli
362 1157 542 1206 sudore
577 1157 756 1214 calens,
795 1153 1110 1218 clipeumque
1146 1153 1360 1203 cruentis

86 1225 275 1288 roribus
312 1245 360 1286 et
396 1234 533 1285 scissi
568 1252 815 1298 respersus
851 1236 1050 1298 pulvere
1085 1232 1261 1297 campi.

11 1356 13 1361 .
85 1319 301 1368 necdum
336 1316 474 1364 illum
509 1325 594 1364 aut
629 1324 803 1364 trunca
837 1316 1122 1363 lustraverat
1156 1312 1303 1363 obvia
1337 1322 1450 1362 taxo

86 1396 336 1456 Eumenis,
373 1404 458 1444 aut
493 1397 632 1444 furvo
668 1395 960 1458 Proserpina
993 1403 1134 1458 poste
1170 1402 1362 1442 notarat
1693 1413 1741 1439 10

0 1522 4 1532 ,
85 1476 307 1528 coetibus
341 1484 649 1539 assumptum
685 1474 865 1524 functis
891 1493 906 1535 3
951 1473 1071 1537 quin
1107 1472 1388 1522 comminus
1424 1472 1532 1537 ipsa

0 1542 2 1566 ἶ
84 1558 294 1608 fatorum
329 1557 570 1620 deprensa
606 1557 756 1615 colus,
795 1554 1001 1618 visoque
1035 1562 1270 1618 paventes

0 1631 1 1634 Ἴ
83 1654 264 1702 augure
299 1646 417 1686 tunc
453 1638 657 1687 demum
693 1637 990 1700 rumpebant
1025 1634 1236 1684 stamina
1272 1637 1467 1684 Parcae.

83 1718 221 1768 illum
257 1727 306 1768 et
340 1717 498 1767 securi
533 1717 921 1781 circumspexere
956 1719 1196 1780 fragorem

0 1813 1 1821 ¹
84 1798 249 1863 Elysii,
288 1807 336 1848 et
371 1798 412 1847 si
447 1815 572 1862 quos
608 1800 779 1862 procul
814 1797 1042 1847 ulteriore
1076 1797 1306 1846 barathro
1696 1814 1742 1855 15

27 1871 30 1875 ⁵
82 1882 234 1930 altera
268 1895 368 1928 nox
401 1878 608 1943 aliisque
642 1887 807 1942 gravat
842 1880 986 1942 plaga
1020 1876 1169 1926 caeca
1204 1876 1434 1926 tenebris.

83 1969 202 2010 tunc
237 1968 494 2023 regemunt
529 1958 750 2023 pigrique
785 1960 920 2007 lacus
956 1967 1194 2021 ustaeque
1230 1958 1449 2021 paludes,

86 2040 476 2103 umbriferaeque
511 2038 673 2088 fremit
709 2041 921 2087 sulcator
956 2038 1167 2102 pallidus
1204 2039 1383 2097 undae,

86 2120 352 2170 dissiluisse
386 2136 517 2169 novo
552 2119 748 2183 penitus
783 2118 966 2168 telluris
1002 2118 1139 2167 hiatu

85 2203 287 2250 Tartara
322 2210 370 2250 et
403 2199 646 2250 admissos
682 2218 785 2251 non
820 2218 907 2264 per
941 2217 1030 2249 sua
1064 2199 1270 2248 flumina
1307 2198 1486 2248 Manis.
1693 2220 1745 2247 20

154 2284 299 2331 Forte
334 2283 511 2331 sedens
547 2281 711 2331 media
745 2280 881 2344 regni
914 2279 1120 2330 infelicis
1155 2280 1206 2328 in
1242 2297 1352 2329 arce

86 2363 186 2412 dux
222 2361 370 2411 Erebi
406 2364 617 2426 populos
652 2363 891 2425 poscebat
926 2361 1132 2410 crimina
1166 2360 1306 2421 vitae,

62 2491 65 2492 ⁷
138 2504 165 2530 2
194 2491 394 2554 orbisque
422 2491 490 2531 ωδ
510 2506 519 2531 :
557 2493 753 2555 regisque
781 2491 832 2543 P,
861 2491 974 2543 quod
997 2506 1046 2531 ex
1069 2491 1196 2542 gloss.
1225 2489 1464 2541 ‘regionis'
1492 2494 1632 2530 ortum
1661 2504 1745 2531 esse

28 2578 30 2581 ’
82 2545 434 2639 ῗῗρἷὲζῖέζῖέαι
459 2612 541 2638 axo
563 2545 1333 2652 ᾆξὶὲἳὶἱῖἲέῗὲἲιέῗῖἱὲἦρι)
1490 2559 1518 2597 ⁹
1546 2546 1745 2640 ¹128thssss

82 2652 160 2703 ΡΞ
189 2653 286 2693 Cod.
316 2653 461 2705 Magd.
648 2668 698 2694 12
736 2662 969 2706 praeventa
998 2654 1041 2692 A
1226 2667 1274 2703 13
1307 2659 1394 2692 tum
1424 2652 1514 2692 DN
1565 2687 1569 2690 r
1692 2666 1741 2704 15

81 2707 283 2747 ulteriore
316 2707 380 2748 P:
429 2708 628 2747 inferiore
660 2709 729 2748 ωδ
942 2709 1134 2748 balathro
1160 2707 1233 2759 Pl,
1263 2721 1364 2748 corr.
1395 2708 1458 2746 Ρ2
1694 2721 1742 2758 17

83 2767 313 2811 vastaeque
334 2762 502 2812 BDNQ
524 2763 584 2814 (al
614 2769 704 2816 uste
731 2763 780 2802 id·
802 2764 920 2815 nigre
946 2768 1017 2802 aut
1045 2764 1238 2802 calentes
1263 2763 1383 2803 schol.
1405 2762 1471 2801 B:
1500 2761 1651 2812 nigrae
1671 2769 1743 2801 aut

85 2815 272 2856 calentes
291 2816 410 2855 schol.
435 2817 475 2867 Q
492 2817 587 2856 item
608 2818 665 2869 L)
833 2819 882 2855 18
912 2817 1234 2867 imbriferaeque
1253 2816 1301 2855 N
1419 2816 1550 2867 gemit
1574 2817 1629 2868 (fr
1647 2822 1740 2867 sup.

84 2881 114 2920 g
129 2869 224 2911 add.
244 2870 331 2911 ead.
353 2872 432 2924 m.)
452 2870 495 2910 P
625 2871 799 2911 umbrae
816 2871 860 2910 P
