1884 3204
702 62 1106 111 PRAEFATIO

0 220 4 246 ι
77 197 283 249 Statium
323 205 574 246 auctorem
613 196 762 246 fuisse
802 198 966 257 cred0,
1010 197 1197 260 ubique
1237 197 1288 247 id
1326 199 1543 248 laboravi
1584 211 1638 249 ut
1674 213 1719 250 et

5 262 7 267 Ι
56 264 244 343 prioris
273 275 570 326 recensionis
606 275 870 340 imaginem
906 294 1056 340 quam
1092 277 1403 341 purissimam
1433 280 1555 329 meis
1592 282 1720 329 notis

0 370 3 374 ’
73 357 364 410 exhiberem.
427 359 602 420 Itaque
627 357 789 407 debeo
813 357 1023 407 breviter
1046 358 1127 407 hic
1151 360 1215 408 de
1243 359 1500 409 codicibus
1523 361 1720 409 alterius

0 439 10 466 *⁵
69 437 258 501 generis
280 454 310 486 a
334 454 414 486 me
435 437 670 487 adhibitis
693 439 914 501 praefari.

0 568 2 570 ,
137 519 203 567 Et
236 517 288 566 in
317 517 485 580 primis
509 516 656 567 statui
679 516 935 568 codicibus
966 528 1079 583 post
1110 521 1362 569 saeculum
1398 521 1718 570 undecimum

0 614 10 665 Ιἱ
72 597 274 648 exaratis
325 600 425 648 fere
471 600 657 647 nullam
705 599 989 649 habendam
1037 617 1145 650 esse
1191 600 1357 650 fidem.
1443 604 1719 650 Permultos

0 672 13 741 J
70 678 351 728 huiusmodi
375 679 573 728 codices
607 679 712 742 ipse
740 689 825 728 aut
849 680 1039 729 excussi
1074 690 1159 729 aut
1187 680 1388 744 inspexi,
1417 691 1465 731 et
1494 683 1717 731 omnium

0 749 27 792 s
69 760 243 809 horum
271 769 458 808 textum
494 777 554 808 ex
587 759 882 809 lectionibus
907 761 1138 810 codicum
1173 763 1228 810 P
1253 771 1301 811 et
1333 763 1412 811 ωδ
1441 762 1721 826 (interpola-

6 826 22 899 J
68 839 282 889 tionibus
328 840 486 889 foedis
527 850 576 890 et
617 841 1048 891 emendationibus
1091 841 1269 905 ineptis
1315 843 1567 908 admixtis)
1606 861 1719 892 con-

67 921 237 969 flatum
273 938 380 970 esse
415 920 603 986 opinor.
699 922 950 972 Codicum
991 933 1106 972 ante
1141 923 1206 971 xii
1247 940 1373 973 saec.
1412 934 1717 974 exaratorum

68 1000 280 1064 optimos
316 1001 528 1051 iudicavi
570 1020 676 1052 esse
713 1005 1043 1066 BDKNQS.
1117 1007 1196 1054 De
1232 1004 1366 1054 libris
1404 1007 1519 1054 BK
1555 1006 1717 1068 <=G²

66 1082 378 1147 Kohlmann>
403 1085 445 1132 S
465 1081 577 1132 vide
602 1100 729 1147 quae
756 1085 967 1134 Mueller
995 1095 1044 1134 et
1076 1086 1366 1135 Kohlmann
1395 1086 1714 1146 tradiderunt,

65 1178 273 1225 quorum
306 1163 652 1213 collationibus
676 1167 826 1214 fretus
851 1182 975 1214 sum.
1048 1166 1268 1216 Maxime
1290 1176 1457 1215 autem
1482 1168 1630 1216 doleo
1655 1170 1717 1216 de

65 1242 359 1292 lectionibus
383 1243 494 1292 libri
522 1246 564 1294 S
596 1254 696 1294 tam
734 1235 880 1309 saepe
916 1256 1078 1295 tacere
1117 1248 1407 1295 Kohlmann
1444 1257 1493 1296 et
1529 1247 1579 1296 in
1615 1249 1718 1296 uni-

64 1339 203 1372 verso
225 1324 567 1374 auctoritatem
591 1326 736 1374 huius
755 1326 941 1375 codicis
966 1329 1195 1375 elevasse.
1259 1327 1531 1377 Codicibus
1549 1331 1719 1392 DNQ

63 1419 212 1452 nemo
267 1413 383 1453 ante
440 1421 521 1453 me
569 1404 727 1470 (quod
778 1407 843 1454 ad
896 1406 1158 1455 Thebaida
1208 1406 1404 1471 attinet)
1455 1425 1573 1457 usus
1626 1421 1712 1459 est.

65 1484 304 1535 Codicem
347 1487 394 1548 Q
427 1487 492 1535 ad
527 1486 807 1536 Achilleida
843 1488 1200 1537 recensendam
1240 1488 1339 1537 iam
1381 1490 1716 1539 adhibuerunt

66 1567 355 1615 Kohlmann
412 1575 461 1615 et
515 1569 677 1616 Klotz.
757 1568 1156 1632 Descriptionem
1211 1570 1323 1619 libri
1379 1573 1514 1634 apud
1568 1574 1716 1620 Klotz

62 1645 248 1711 (Praqfi
285 1647 487 1712 Aclzill.)
522 1647 776 1697 invenias.'
831 1649 918 1698 Eis
959 1659 1126 1699 autem
1164 1667 1291 1714 quae
1328 1654 1478 1701 Klotz
1514 1669 1575 1701 eo
1604 1655 1715 1702 loco

60 1726 181 1778 dicit
202 1729 299 1777 hoc
321 1729 535 1778 addam:
570 1747 644 1778 vv.
680 1733 906 1794 236-295
942 1740 991 1780 et
1028 1736 1258 1795 716-774
1290 1735 1462 1783 deesse
1494 1733 1546 1782 in
1581 1735 1638 1796 Q,
1667 1745 1715 1782 et

59 1808 256 1858 additos
288 1826 409 1870 esse,
446 1810 568 1859 folio
595 1811 915 1875 palimpsesto
951 1812 1132 1874 insuto,
1163 1831 1193 1863 a
1227 1814 1424 1864 librario
1458 1832 1583 1864 saec.
1616 1815 1711 1862 xiii.

61 1889 301 1940 Codicem
320 1899 479 1940 totum
504 1891 876 1955 diligentissime
899 1895 1111 1944 excussit
1128 1895 1317 1944 amicus
1342 1913 1481 1944 meus
1507 1898 1714 1946 Carolus

56 1971 236 2030 -Plater,
281 1988 309 2020 e
356 1974 466 2021 Soc.
513 1975 624 2032 Ies.‚
670 1973 986 2038 maximoque
1033 1994 1114 2025 me
1152 1976 1398 2025 beneficio
1439 1976 1710 2026 obstrinxit.

61 2051 206 2100 Idem
230 2068 342 2101 mea
365 2069 514 2101 causa
548 2053 758 2103 Parisios
793 2057 1040 2118 profectus
1059 2056 1238 2105 librum
1259 2059 1567 2106 Puteaneum
1592 2058 1713 2106 locis

59 2127 313 2194 permultis
354 2133 576 2196 inspexit,
618 2144 667 2184 et
708 2137 772 2184 de
813 2136 1108 2187 lectionibus
1144 2137 1351 2187 aliorum
1398 2140 1711 2202 quorundam

59 2211 288 2262 codicum
323 2213 580 2263 certiorem
615 2232 696 2264 me
730 2215 858 2265 feeit.

126 2295 206 2342 De
263 2294 436 2343 codice
480 2297 540 2343 D
596 2295 708 2345 vide
755 2313 882 2360 quae
929 2315 1020 2362 ego
1072 2297 1124 2346 in
1177 2299 1495 2362 ephemeride
1542 2310 1711 2350 nostra

63 2374 301 2422 Classical
336 2377 534 2424 Revt'ew
578 2376 704 2425 xviii.
760 2395 780 2425 1
833 2378 1092 2441 disputavi.
1167 2380 1408 2441 Quamvis
1467 2384 1708 2430 nonnulla

56 2454 274 2518 graviora
319 2458 502 2505 menda
545 2458 797 2507 admiserit
836 2459 917 2508 hic
964 2459 1087 2509 liber
1134 2470 1302 2510 tamen
1350 2464 1414 2511 ad
1460 2462 1711 2526 antiquius

55 2537 300 2599 exemplar
323 2554 472 2600 quam
505 2547 693 2588 ceteros
718 2539 939 2590 eiusdem
972 2541 1163 2604 generis
1192 2542 1390 2591 codices
1416 2560 1530 2592 eum
1555 2544 1712 2593 redire

55 2633 115 2666 ex
150 2634 270 2666 vers.
314 2618 373 2666 iv.
419 2633 526 2680 717,
567 2637 610 2668 v.
650 2635 748 2682 470
787 2620 923 2686 (meo
961 2622 1165 2685 quidem
1201 2622 1408 2689 iudicio)
1446 2625 1710 2687 probatur:

55 2697 320 2761 multisque
351 2699 472 2748 locis
509 2717 623 2749 cum
659 2704 766 2751 solo
802 2705 1057 2752 Puteaneo
1093 2704 1354 2754 consentit.
1428 2707 1544 2768 Ipse
1576 2722 1710 2753 anno

54 2793 301 2828 MDccccn
327 2780 530 2830 excussi.

117 2862 186 2908 N
197 2870 270 2909 est
294 2863 452 2910 codex
475 2864 746 2912 membran.
775 2881 899 2913 saec.
929 2883 972 2925 x,
1002 2866 1296 2916 Cheltoniae
1321 2866 1372 2915 in
1399 2866 1711 2917 Bibliotheca

55 2939 137 2989 illa
182 2941 457 3006 Philippica
503 2954 788 3006 asservatUS,
830 2946 917 2995 ubi
958 2946 1064 3011 ipse
1106 2965 1222 2998 eum
1264 2965 1397 2998 anno
1446 2964 1710 2998 MDcccclv

841 3045 889 3076 ix
