1884 3204
973 96 1385 146 THEBAIDOS
1422 99 1637 148 LIBER
1675 103 1757 150 III

107 231 282 278 Arctos
315 229 380 277 ad
415 244 654 277 oceanum
692 228 990 291 fugientibus
1026 229 1213 279 invidet
1246 233 1399 281 astris.
1674 245 1755 297 685

66 330 69 340 ¹
106 317 256 372 utque
290 307 404 357 foris
440 307 548 355 iniit
583 323 862 371 magnoque
895 310 1070 358 adfusa
1104 311 1293 373 parenti
1329 323 1416 372 est,
1627 354 1661 359 a

106 390 238 440 ‘Cur
271 398 354 438 tua
388 405 499 438 cum
536 388 747 437 lacrimis
784 398 972 438 maesto
1007 390 1112 439 sine
1147 392 1358 455 coniuge
1392 397 1598 458 supplex

101 468 269 519 limina
302 477 448 518 nocte
483 478 662 532 petam,
701 485 890 518 cessem
927 470 1041 519 licet
1077 471 1182 534 ipsa
1218 473 1410 535 profari,

100 550 193 600 scis
226 550 428 614 genitor.
500 552 588 599 sed
623 550 728 599 iura
762 552 913 599 deum
949 552 1159 615 genialia
1194 563 1347 603 testor

59 643 65 647 '
99 640 244 695 teque
277 640 425 695 pater,
463 648 565 680 non
600 630 682 680 ille
716 631 866 691 iubet,
905 634 992 682 sed
1028 634 1228 698 pervigil
1262 652 1428 698 angor,
1669 646 1752 701 690

11 752 18 760 .
93 730 155 762 ex
189 729 288 776 quo
322 711 507 775 primus
543 714 747 775 Hymen
782 713 1035 776 movitque
1068 713 1280 765 infausta
1315 717 1559 767 sinistram

98 793 226 842 Iuno
260 794 431 852 facem,
471 810 664 857 semper
698 794 910 843 lacrimis
945 795 1231 860 gemituque
1267 798 1547 862 propinquo

77 873 346 924 'exturbata
379 874 532 937 quies.
606 891 707 924 non
743 875 782 924 si
819 875 940 924 mihi
975 876 1161 940 tigridis
1198 880 1369 928 horror

91 971 463 1018 aequoreaeque
499 972 644 1020 super
679 956 865 1020 rigeant
900 959 1187 1021 praecordia
1222 970 1408 1021 cautes,

55 1093 58 1095 Α
90 1036 212 1084 ferre
246 1052 424 1099 queam
443 1054 457 1097 3
504 1046 557 1085 tu
593 1039 725 1086 solus
761 1054 924 1101 opem,
962 1048 1015 1087 tu
1051 1057 1246 1089 summa
1282 1042 1518 1091 medendi
1659 1050 1740 1105 695

89 1115 192 1164 iura
227 1124 400 1177 tenes;
445 1119 510 1166 da
545 1118 687 1178 bella,
725 1128 880 1182 pater,
913 1120 1179 1184 generique
1215 1121 1418 1171 iacentis

88 1195 252 1259 aspice
286 1214 362 1246 res
397 1198 612 1258 humilis,
649 1209 798 1263 atque
834 1202 975 1260 hanc,
1014 1211 1164 1265 pater,
1202 1203 1368 1266 aspice
1416 1205 1605 1267 prolem

87 1276 299 1338 exsulis;
344 1278 460 1327 huic
495 1279 613 1328 olim
649 1281 839 1344 generis
875 1283 1048 1345 pudor.
1122 1300 1152 1331 ο
1189 1283 1274 1331 ubi
1310 1283 1467 1346 prima

87 1357 298 1420 hospitia
332 1368 381 1407 et
415 1359 611 1409 iunctae
647 1361 907 1410 manifesto
943 1362 1148 1411 numine
1183 1365 1415 1413 dextrae!

85 1437 165 1487 hic
199 1448 329 1488 certe
365 1449 438 1488 est
474 1457 622 1503 quem
658 1443 758 1489 fata
793 1443 995 1501 dabant,
1032 1459 1182 1505 quem
1219 1443 1340 1492 dixit
1376 1447 1560 1507 Apollo
1577 1464 1590 1506 3
1652 1463 1733 1507 700

83 1536 184 1568 non
218 1530 413 1584 egomet
447 1521 622 1570 tacitos
658 1522 863 1571 Veneris
899 1525 1057 1572 furata
1090 1526 1276 1573 calores

82 1601 388 1663 culpatamve
422 1603 614 1651 facem:
660 1611 744 1651 tua
778 1603 910 1652 iussa
943 1606 1158 1653 verenda
1189 1613 1401 1668 tuosque

79 1679 227 1729 dilexi
260 1682 490 1731 monitus.
560 1700 695 1732 nunc
729 1700 828 1746 qua
861 1684 1050 1734 feritate
1085 1686 1299 1734 dolentis

79 1760 347 1824 despiciam
384 1766 625 1826 questus?
664 1764 838 1824 nescis,
876 1775 1014 1827 pater
1049 1766 1248 1829 optime,
1288 1767 1462 1827 nescis,

15 1873 19 1877 -
79 1851 291 1905 quantus
325 1860 464 1893 amor
498 1854 661 1894 castae
697 1845 875 1895 misero
910 1847 1135 1910 nupsisse
1172 1847 1381 1908 marit03
1654 1868 1732 1912 705

78 1931 127 1971 et
162 1939 294 1972 nunc
330 1934 517 1973 maesta
551 1925 753 1988 quidem
789 1943 932 1989 grave
968 1937 1017 1976 et
1052 1927 1334 1976 inlaetabile
1371 1945 1564 1989 munus,

77 2013 130 2052 ut
166 2004 366 2054 timeam
402 2008 711 2070 doleamque,
749 2025 903 2071 rogo3
947 2011 1035 2057 sed
1071 2026 1185 2057 cum
1222 2011 1391 2058 oscula
1425 2021 1619 2074 rumpet

77 2095 263 2134 maesta
297 2085 416 2144 dies,
455 2104 569 2135 cum
604 2105 750 2137 rauca
784 2090 974 2138 dabunt
1008 2090 1306 2139 abeuntibus
1340 2091 1488 2139 armis

75 2163 214 2228 signa
246 2165 395 2214 tubae
430 2183 676 2231 saevoque
710 2186 859 2232 genas
895 2170 1140 2234 fulgebitis
1175 2187 1308 2230 auro,

75 2243 119 2292 ei
155 2243 304 2293 mihi!
352 2262 462 2294 care
497 2255 648 2309 pater,
683 2248 921 2300 †iterum†
955 2252 1158 2299 fortasse
1193 2251 1407 2314 rogabo.'
1650 2270 1728 2314 710

125 2372 207 2421 689
231 2373 414 2421 genialia
431 2374 519 2412 ΒΚ
534 2389 543 2413 :
572 2375 772 2424 genitalia
791 2375 855 2415 P:
885 2378 1086 2426 genitalia
1103 2379 1229 2429 DNQ
1402 2383 1483 2430 692
1513 2382 1722 2430 profundo

73 2425 290 2476 (suprascr.
308 2428 592 2479 †propinquo)
609 2429 652 2466 D
816 2433 896 2480 695
927 2438 970 2470 tu
991 2433 1082 2471 sola
1102 2433 1144 2470 D
1305 2436 1387 2483 696
1414 2434 1665 2485 generisque
1678 2436 1724 2474 D

56 2479 243 2518 ‘iacentis
256 2480 339 2518 PD
359 2495 368 2519 ε
397 2482 578 2521 tacentis
597 2483 804 2532 BKNQA
827 2486 993 2536 Bentley
1102 2488 1183 2537 698
1212 2488 1310 2527 hinc
1331 2489 1379 2526 N
1481 2503 1506 2528 o
1526 2490 1593 2527 ubi
1616 2490 1694 2540 PQ
1711 2506 1720 2530 :

23 2579 26 2582 Α
68 2533 188 2571 obvia
205 2532 332 2572 BDN
346 2550 354 2573 :
383 2548 407 2584 q
431 2542 475 2583 (o
494 2538 717 2588 suprascr.)
740 2538 814 2576 tibi
835 2540 883 2588 (b
901 2540 944 2578 in
959 2541 1062 2589 ras.)
1082 2541 1128 2580 K
1245 2545 1326 2592 699
1358 2543 1526 2582 funesto
1546 2543 1597 2593 P,
1615 2557 1716 2584 corr.

67 2585 299 2626 Baehrens:
330 2595 484 2628 testato
504 2590 572 2629 ωδ
701 2604 775 2640 701
808 2593 959 2633 furiata
980 2595 1017 2644 Q
1140 2609 1217 2645 702
1246 2603 1381 2646 tuosq.
1404 2598 1613 2636 verendos
1634 2598 1719 2648 DQ

69 2652 145 2690 705
166 2647 305 2680 castae
325 2643 365 2680 P
377 2658 385 2682 ι
416 2656 566 2682 causae
581 2644 761 2694 BDNQ,
774 2647 821 2685 de
833 2647 914 2687 KS
928 2653 1025 2686 tacet
1034 2649 1278 2688 Kohlmann
1392 2663 1470 2700 710
1490 2657 1610 2701 pater
1621 2652 1687 2691 ωδ
1707 2667 1716 2691 :

67 2701 216 2744 parens
235 2695 277 2734 P
302 2696 493 2748 (propter
517 2698 688 2744 iterum)
710 2701 860 2739 iterum
891 2703 933 2740 in
959 2716 1039 2741 ras.
1061 2703 1116 2742 D.
1173 2704 1285 2744 Fort.
1308 2710 1440 2754 pater,
1464 2718 1611 2754 pacem
1633 2706 1718 2745 sor-

67 2755 193 2789 tasse.
254 2748 430 2788 Verbum
461 2764 606 2802 pacem
630 2758 799 2803 propter
822 2757 1135 2795 similitudinem
1165 2759 1275 2797 verbi
1295 2766 1417 2809 pater
1443 2759 1648 2810 exciderat,
1683 2766 1720 2799 et

65 2801 256 2842 librarius
273 2804 427 2855 aliquis
445 2806 596 2845 iterum
615 2807 762 2847 inserto
781 2822 946 2850 versum
966 2811 1133 2862 explevit
