1884 3204
174 32 229 80 P.
267 32 481 81 PAPIN
486 32 511 81 Ι
548 33 755 83 STATI

174 162 507 225 congredere:
555 163 650 212 hae
685 164 832 226 legeS,
870 155 1246 230 haecrfoedera¹>
1265 164 1372 213 sola
1390 161 1700 226 ‘supersunt’
1761 179 1839 221 ³9

173 241 243 290 sic
278 243 458 292 hostile
494 253 638 293 tuens
671 245 870 294 fratrem
891 262 906 306 3
951 261 1169 308 namque
1203 244 1357 295 uritur
1390 245 1492 292 alto

172 325 337 383 corde,
376 326 513 387 quod
551 324 798 374 innumeri
833 325 1065 386 comites,
1092 326 1230 389 quod
1265 323 1396 388 regia
1430 322 1581 372 cassis

171 403 505 468 instratusque
541 414 675 455 ostro
711 405 925 470 sonipes,
963 406 1101 469 quod
1135 407 1269 454 fulva
1303 406 1505 453 metallo

171 501 343 548 parma
378 485 541 546 micet,
564 503 885 550 quamquam
921 487 1058 536 haud
1091 485 1240 534 armis
1274 485 1548 534 inhonorus
1583 492 1633 534 et
1667 483 1774 548 ipse

169 583 263 615 nec
298 568 429 630 palla
463 569 661 631 vulgare
696 566 892 617 nitens:
917 606 919 609 .
940 561 1066 630 Opus
1101 566 1209 630 ipsa
1243 575 1447 616 novarat
1755 565 1840 625 4····'

173 646 422 697 Maeoniis
458 647 608 712 Argia
643 647 806 697 modis
842 664 900 696 ac
934 647 1115 710 pollice
1150 648 1302 696 docto

173 726 385 776 stamina
418 745 694 791 purpureae
729 727 1001 781 sociaverat
1035 745 1183 777 aurea
1217 730 1358 777 telae.

238 810 449 871 Iamque
483 807 535 856 in
571 810 860 872 pulvereum
896 807 1061 857 Furiisx
1090 808 1402 858 hortantibus
1437 824 1624 871 aequor

166 888 443 951 prosiliunt,
483 905 572 937 sua
607 905 860 952 quemque
895 905 1065 938 comes
1101 888 1423 952 stimulatque
1459 898 1747 952 monetque.

167 972 305 1019 frena
339 978 512 1019 tenent
546 968 683 1033 ipsae
714 971 1046 1033 phalerasque
1080 978 1130 1019 et
1164 969 1331 1019 lucida
1366 978 1576 1019 comunt
1759 990 1831 1029 40

167 1067 304 1100 arma
339 1068 492 1099 manu
528 1050 794 1114 mixtisque
829 1051 972 1100 iubas
1007 1050 1319 1115 serpentibus
1353 1060 1550 1115 augent.

169 1142 264 1181 stat
300 1132 727 1196 consanguineum
762 1149 943 1196 campo
978 1133 1154 1192 scelus,
1192 1131 1339 1181 unius
1374 1131 1548 1196 ingens

168 1214 356 1263 bellum
392 1213 531 1274 uteri,
572 1222 855 1277 coeuntque
892 1230 1034 1278 pares
1070 1214 1165 1262 sub
1200 1212 1392 1263 casside
1426 1215 1607 1264 vultus.

170 1295 308 1359 signa
342 1304 538 1359 pavent,
577 1294 755 1344 siluere
790 1296 953 1354 tubae,
993 1296 1368 1358 stupefactaque
1404 1294 1579 1344 Martis

168 1393 355 1426 cornua
372 1395 386 1438 3
432 1386 506 1426 ter
539 1376 688 1440 nigris
724 1376 898 1426 avidus
934 1385 1162 1440 regnator
1195 1376 1260 1425 ab
1297 1375 1396 1425 oris
1756 1395 1830 1437 4¹·

167 1457 384 1506 intonuit
419 1466 592 1521 terque
627 1457 728 1506 ima
763 1457 856 1507 soli
891 1457 1158 1517 concussit,
1196 1466 1245 1506 et
1280 1456 1375 1520 ipsi

167 1555 417 1587 armorum
452 1540 620 1602 fugere
655 1538 766 1588 dei:
814 1555 1061 1602 nusquam
1097 1538 1266 1587 inclita
1299 1538 1484 1598 Virtus,

166 1619 387 1668 restinxit
423 1622 632 1668 Bellona
665 1621 812 1680 faces,
850 1622 1096 1683 longeque
1131 1618 1354 1683 paventis

168 1704 305 1750 Mars
340 1700 501 1764 rapuit
536 1717 719 1760 currus,
757 1709 807 1750 et
844 1702 1078 1764 Gorgone
1113 1701 1271 1749 cruda
1305 1699 1471 1763 virago

165 1780 367 1841 abstitit,
406 1781 559 1844 inque
589 1780 750 1830 vicem
786 1781 983 1844 Stygiae
1018 1780 1212 1829 subiere
1248 1797 1452 1829 sorores.
1755 1799 1837 1842 41
1874 1810 1875 1814 =

165 1861 415 1926 prominet
450 1861 654 1911 excelsis
690 1863 866 1925 vulgus
903 1860 1182 1910 miserabile
1218 1860 1376 1920 tectis,

166 1952 347 1992 cuncta
381 1944 586 1992 madent
621 1942 834 1991 lacrimis
870 1951 919 1991 et
953 1942 1018 1991 ab
1056 1941 1195 1991 omni
1229 1941 1475 2005 plangitur
1507 1958 1633 1992 aree.

166 2023 285 2073 hinc
320 2023 483 2087 questi
517 2022 695 2072 vixisse
733 2039 889 2082 senes,
929 2022 1046 2072 hinc
1082 2031 1283 2087 pectore
1317 2024 1456 2072 nudo

166 2113 297 2153 stant
332 2114 513 2152 matres
549 2120 827 2167 parvosque
861 2113 1031 2153 vetant
1065 2104 1321 2152 attendere
1356 2112 1514 2152 natos.

164 2186 272 2249 ipse
307 2202 510 2248 quoque
547 2185 765 2249 Ogygios
802 2194 1022 2234 monstra
1057 2186 1122 2233 ad
1156 2183 1358 2248 gentilia
1393 2183 1551 2244 manis
1750 2177 1828 2246 4²⁵
1880 2209 1883 2231 ,ι

166 2270 429 2316 Tartareus
465 2275 626 2315 rector
660 2275 803 2330 porta
836 2265 975 2315 iubet
1010 2265 1079 2314 ire
1114 2267 1319 2315 reclusa.
1420 2328 1428 2338 ι
1879 2249 1881 2259 ⁴

167 2347 422 2396 montibus
458 2346 681 2395 insidunt
716 2346 884 2410 patriis
921 2346 1145 2410 tristique
1181 2359 1366 2394 corona

166 2429 380 2478 infecere
415 2427 549 2477 diem
585 2436 634 2476 et
668 2427 799 2476 vinci
835 2444 924 2477 sua
958 2427 1165 2476 crimina
1198 2427 1430 2490 gaudent.

220 2559 302 2607 396
331 2556 463 2595 utitur
480 2555 522 2593 P
676 2568 755 2606 397
787 2555 948 2595 classes
965 2554 1021 2593 Ρι
1159 2556 1242 2604 398
1271 2555 1395 2594 vulva
1413 2554 1461 2593 K
1469 2553 1484 2578 ¹
1591 2575 1594 2578 -
1636 2567 1717 2604 404
1746 2566 1818 2593 m
1873 2603 1875 2606 Α

167 2619 325 2661 netque
352 2610 501 2648 PBN2
524 2623 534 2649 ι
564 2610 758 2660 regitque
787 2610 878 2648 ΚΝ
885 2610 934 2648 Α
958 2624 966 2648 :
1005 2614 1232 2660 movetque
1250 2608 1337 2659 DQ
1367 2611 1593 2661 (suprascr.
1625 2610 1750 2658 regit-
1814 2626 1816 2631 ¹
1871 2610 1875 2653 ξ

169 2668 250 2714 406
280 2665 519 2714 mixtasque
552 2665 600 2703 N
760 2665 840 2714 408
871 2670 1057 2714 euntque
1090 2664 1129 2714 Q
1292 2676 1374 2713 409
1403 2667 1562 2714 pavent
1593 2661 1662 2701 P:
1692 2669 1816 2703 tace·
1871 2678 1875 2698 ε

168 2720 236 2758 ωδ
363 2718 531 2770 Martis]
567 2723 757 2757 marcent
780 2719 947 2769 Bentley
1136 2730 1218 2768 4¹0
1246 2717 1332 2769 ter]
1358 2730 1451 2757 cum
1481 2717 1519 2766 Q
1655 2717 1772 2756 horis
1786 2721 1816 2737 “”

168 2786 248 2822 413
285 2774 504 2812 restrinxit
537 2773 576 2822 Q
740 2784 820 2824 415
850 2772 1008 2812 abstitit
1041 2772 1155 2822 DQ:
1198 2772 1361 2811 obstitit
1391 2770 1565 2809 PBKN
1665 2771 1811 2819 subit,
1871 2772 1873 2781 ’

167 2828 335 2875 Bentley
354 2841 362 2866 :
393 2828 575 2866 rubuere
605 2825 719 2867 codd.
878 2828 960 2877 418
988 2827 1146 2879 yidjsse
1168 2827 1391 2879 (suprascr.
1414 2825 1590 2876 vixisse)
1613 2825 1652 2875 Q
1811 2842 1822 2848 «-
