1884 3204
70 77 72 79 ’
96 99 157 147 Ρ.
199 96 444 148 ΡΑΡΙΝΙ
482 99 689 149 STATI

92 242 267 293 idonee
302 239 353 288 in
388 247 649 303 angustam
683 229 971 288 ceciderunt
1004 238 1228 303 undique
1262 224 1472 301 vallem3

102 322 255 386 inque
289 320 449 370 vicem
482 329 718 395 stupuere
750 337 920 384 greges
955 320 1193 384 socioque
1228 320 1405 371 timore
1798 383 1799 386 ¹

105 411 487 453 mzansuescunt
535 393 682 451 simul
717 401 872 451 hirtus
906 419 1037 466 aper,
1064 402 1211 452 simul
1244 419 1356 451 ursa
1389 403 1636 466 lupusque
1691 406 1810 492 465»-

107 483 298 547 cogitur
333 492 382 533 et
418 492 590 547 captos
626 484 927 549 contempsit
961 501 1105 533 cerva
1141 485 1324 533 leones.
1792 524 1795 525 γ

174 566 274 614 Sed
310 581 615 628 quamquam
651 574 700 614 et
734 564 919 629 gemini
954 565 1134 629 pariter
1168 582 1257 615 sua
1291 566 1422 615 bella
1450 573 1711 629 capessant
1753 551 1758 557 ’

107 646 313 696 Atridae
347 648 632 710 famamque
666 646 813 695 avida
846 646 1025 696 virtute
1059 656 1316 711 paternam

106 727 328 791 Tydides
364 729 728 791 Sthenelusque
762 737 1006 792 premant,
1040 745 1134 778 nec
1169 728 1351 793 cogitet
1385 744 1544 778 annos
1793 782 1797 787 .

107 809 406 859 Antilochus
442 819 735 874 septemque
770 809 897 859 Aiax
931 811 1153 860 umbone
1188 812 1415 861 coruscet
1697 807 1781 873 47‘0
1798 803 1810 839 s‘

108 890 319 941 armenti
354 907 491 955 reges
526 900 677 954 atque
711 908 929 955 aequum
965 891 1229 942 moenibus
1265 893 1452 953 orbem,

108 971 427 1036 consiliisque
462 972 710 1035 armisque
745 971 860 1036 vigil
895 974 1167 1022 contendat
1202 973 1399 1024 Vlixes:

109 1053 273 1104 omnis
309 1053 360 1102 in
395 1055 655 1103 absentem
691 1053 810 1103 belli
845 1071 1022 1103 manus
1057 1056 1196 1104 ardet
1230 1054 1493 1117 Achillem,

110 1152 297 1186 nomen
331 1134 541 1184 Achillis
576 1144 759 1196 amant,
797 1144 846 1184 et
882 1135 933 1184 in
971 1138 1194 1186 Hectora
1228 1138 1363 1186 solus
1398 1136 1619 1187 Achilles
1806 1191 1808 1195 ,

109 1216 343 1283 poscitur,
381 1216 520 1265 illum
557 1234 713 1266 unum
749 1216 956 1267 Teucris
992 1216 1290 1282 Priamoque
1324 1220 1596 1282 loquuntur
1703 1233 1782 1281 475

109 1300 324 1348 fatalem.
399 1298 509 1362 quis
546 1298 680 1348 enim
720 1297 1018 1348 Haemoniis
1055 1299 1148 1349 sub
1183 1298 1392 1348 vallibus
1427 1301 1550 1349 alter

111 1380 318 1430 creverit
353 1382 532 1430 effossa
566 1390 765 1444 reptans
800 1380 954 1431 nive?
1000 1380 1378 1431 cuius-adortus

113 1464 268 1512 cruda
302 1461 585 1512 rudimenta
620 1472 669 1512 et
704 1471 899 1512 teneros
935 1462 1216 1512 formaverit
1250 1479 1409 1512 annos

115 1545 434 1595 Centaurus?
479 1543 623 1607 patrii
658 1543 858 1607 propior
893 1543 973 1594 cui
1008 1543 1139 1593 linea
1174 1540 1311 1605 caeli,
1819 1586 1832 1611 ᾇ,

113 1642 326 1689 quemve
360 1624 514 1674 alium
551 1625 744 1689 Stygios
780 1624 945 1675 tulerit
980 1628 1168 1675 secreta
1202 1643 1289 1689 per
1322 1625 1483 1676 amnis
1702 1617 1786 1688 486

118 1706 293 1757 Nereis
329 1715 379 1756 et
412 1708 648 1770 pulchros
683 1709 811 1757 ferro
845 1707 1191 1771 praestruxerit
1224 1709 1395 1756 artus?

114 1792 239 1839 haec
276 1788 454 1838 Graiae
488 1788 658 1838 castris
692 1788 870 1838 iterant
904 1790 1204 1853 traduntque
1238 1790 1482 1839 cohortes.

116 1869 250 1921 cedit
285 1870 430 1919 turba
464 1871 652 1920 ducum
687 1869 919 1934 vincique
953 1871 1090 1920 haud
1126 1879 1313 1920 maesta
1346 1872 1537 1920 fatetur.

116 1952 187 2002 sic
224 1969 340 2001 cum
376 1953 618 2016 pallentes
655 1953 926 2016 Phlegraea
960 1951 1012 2000 in
1049 1961 1207 2001 castra
1228 1950 1431 2001 ‘coirent
1810 2006 1819 2020 ρ

117 2033 383 2083 caelicolae
418 2032 619 2096 iamque
656 2031 919 2096 Odrysiam
957 2030 1290 2082 Gradivus'in
1324 2033 1518 2082 hastam
1704 2035 1787 2098 485
1810 2031 1825 2104 3]

118 2124 335 2179 surgeret
370 2124 420 2164 et
454 2114 670 2179 Libycos
706 2113 933 2164 Tritonia
966 2116 1158 2163 tolleret
1197 2113 1371 2178 anguis

117 2197 472 2261 ingentemque
508 2213 660 2246 manu
695 2205 917 2245 curvaret
954 2195 1128 2245 Delius
1162 2212 1346 2256 areum,

119 2279 281 2328 stabat
315 2279 496 2328 anhela
530 2287 667 2328 metu
702 2280 863 2328 solum
900 2280 1091 2327 Natura
1125 2279 1409 2327 Tonantem

120 2359 417 2424 respiciens:
467 2361 670 2424 quando
705 2360 787 2410 ille
822 2359 1012 2410 hiemes
1048 2358 1359 2423 tonitrusque
1394 2368 1593 2409 vocaret
1862 2415 1867 2420 ,

122 2441 355 2503 nubibus,
393 2441 751 2506 igniferamque
785 2443 850 2491 ad
885 2440 1094 2490 fulmina
1131 2449 1358 2506 posceret
1392 2442 1606 2491 Aetnen.
1709 2440 1806 2506 49·
1879 2503 1882 2506 ἢ

177 2572 259 2622 468
288 2572 413 2611 avida
432 2576 469 2610 Π
491 2586 501 2611 :
530 2571 693 2610 avidi'w
753 2575 932 2621 paterna
951 2570 998 2608 K
1103 2572 1185 2620 469
1205 2576 1373 2621 premat
1391 2569 1434 2608 P
1540 2571 1616 2620 471
1638 2575 1793 2622 grege}
1881 2594 1884 2598 ι

114 2627 233 2678 salso
251 2626 293 2665 E
309 2627 452 2666 tribuit
469 2625 647 2666 Schenkl
716 2639 798 2676 472
817 2624 1009 2665 consiliis
1031 2624 1134 2674 (om.
1151 2626 1268 2678 —que)
1283 2624 1399 2665 codd.
1421 2624 1528 2677 deta,
1551 2624 1640 2666 edd
1711 2635 1763 2676 47
1773 2642 1811 2706 ξ
1869 2631 1875 2637 “’

125 2693 252 2720 unum
272 2694 355 2720 om.
378 2680 421 2720 E
569 2693 649 2730 477
679 2681 734 2720 ad
752 2686 871 2720 ortus
889 2679 931 2718 E
950 2693 960 2719 ε
990 2679 1044 2718 ab
1062 2684 1158 2718 ortu
1179 2679 1218 2730 Q
1235 2693 1285 2719 ex
1303 2692 1404 2719 corr.
1552 2692 1635 2731 479
1661 2678 1744 2720 libe
1792 2695 1807 2729 ,’
1879 2707 1882 2710 >

128 2735 166 2785 Q
251 2737 328 2784 481
362 2736 646 2786 praestuxerit
667 2737 707 2786 (r
725 2741 813 2786 sup.
839 2739 884 2773 tu
904 2733 1000 2774 add.
1024 2747 1093 2774 rec.
1115 2734 1254 2786 man.)
1276 2734 1343 2774 Ρ.
1372 2733 1698 2784 praestrinxerit
1723 2732 1778 2773 Ε
1776 2742 1809 2787 ,g
1862 2732 1870 2742 ⁹

127 2790 425 2839 perstrinxerit
438 2790 526 2829 edd.
546 2789 674 2840 vulg„
694 2788 807 2829 codd.
827 2787 919 2827 dett.
1030 2790 1111 2837 484
1131 2789 1328 2839 palantes
1345 2787 1498 2839 Aldus,
1515 2787 1765 2828 Kohlmann
1783 2791 1814 2818 ῖῖ
1882 2805 1884 2814 ²

129 2844 326 2883 Pallenes
361 2843 931 2894 W'lamowt'ta—Miillendorff
1056 2845 1135 2892 485
1165 2856 1246 2893 que
1275 2856 1359 2883 om.
1388 2841 1431 2881 E
1548 2843 1628 2892 488
1657 2841 1806 2893 metu,

128 2898 222 2936 sola
241 2898 283 2935 P
389 2912 575 2949 490-491
599 2903 755 2949 transp.
777 2898 820 2936 P
924 2910 1006 2947 490
1035 2898 1204 2937 nubilus
1230 2897 1309 2947 EQ
1417 2896 1722 2948 igniferamque
1748 2916 1752 2919 ·
1774 2891 1873 2947 ³1.sp
1863 2885 1884 2940 1]

127 2951 239 2992 dedi:
260 2952 486 3002 igniferam
501 2954 614 3004 quod
629 2952 716 2992 PK
734 2967 743 2992 ε
764 2951 987 3003 igniferam
1005 2952 1160 3002 queE·
1151 2982 1159 2991 .
1182 2951 1404 3002 igniferam
1417 2954 1500 3002 quo
1516 2952 1621 3005 (um
1634 2963 1717 2992 ras.
1722 2949 1739 3003 )
1766 2958 1784 2983 θ
1855 2965 1858 2991 ῑ
1868 2942 1884 2972 4
