1884 3204
148 95 203 141 P.
241 95 482 143 PAPINI
518 76 723 144 sTATI

147 232 269 280 dum
301 231 470 282 videas
502 234 638 292 haec,
667 250 861 283 summe
895 242 1046 297 pater.
1119 235 1208 284 sed
1232 234 1365 284 enim
1390 232 1582 282 hiscere
1606 250 1742 283 cam
1760 238 1801 301 ⁹3}
1875 225 1878 285 ἶ

147 314 449 376 conquesti?
494 323 715 364 terraene
749 316 915 378 fugam
951 315 1228 373 mirantur?
1272 332 1337 364 an
1372 316 1492 365 istos

148 395 226 442 vel
262 410 351 443 sua
385 403 547 458 portet
583 396 832 444 humus?'
879 412 1061 459 magno
1097 395 1167 444 sic
1202 397 1329 444 fatus
1364 398 1542 460 agebat

148 492 386 538 procursu
421 475 719 540 fremituque
754 472 896 536 viros,
935 478 1068 526 furor
1103 477 1337 527 omnibus
1371 477 1506 528 idem

148 558 350 619 Tydeos
386 556 530 606 invisi
566 557 734 621 spoliis
771 567 1013 622 raptoque
1048 557 1196 622 potiri

149 654 368 702 corpore.
441 656 544 688 non
581 639 720 689 aliter
755 641 1023 689 subtexunt
1056 649 1186 689 astra
1221 649 1444 690 catervae

150 719 449 768 incestarum
484 720 664 780 avium,
705 723 852 785 longe
888 714 1068 785 quibus
1104 738 1222 789 aura
1256 730 1522 771 nocentem

150 803 263 849 aera
298 802 616 865 desertasque
652 802 763 851 tulit
798 802 904 865 sine
939 805 1109 852 funere
1145 803 1351 864 mortis3

152 881 238 931 illo
274 882 448 930 avidae
484 899 599 930 cum
635 899 759 931 voce
794 892 955 942 ruunt,
996 892 1141 947 sonat
1176 886 1359 933 arduus
1396 885 1565 934 aether

151 962 421 1026 plausibuS,
462 971 510 1011 et
547 964 686 1012 caelo
721 965 946 1013 volucres
982 981 1174 1014 cessere
1210 965 1440 1014 minores.
1789 1023 1801 1029 ,.

221 1046 375 1092 Fama
410 1060 497 1107 per
531 1043 753 1092 Aonium
789 1044 963 1108 rapido
998 1062 1120 1109 vaga
1162 1062 1411 1095 murmure
1452 1062 1684 1109 campum
1754 1034 1796 1091 ‚s

153 1124 394 1188 spargitur
429 1123 479 1172 in
517 1133 715 1184 turmas,
756 1125 903 1175 solito
940 1126 1185 1190 pernicior
1220 1126 1370 1176 index

153 1221 269 1254 cum
304 1207 521 1269 lugenda
555 1193 713 1266 refert,
752 1207 929 1266 donec,
968 1207 1049 1256 cui
1085 1207 1298 1257 maxima
1332 1209 1485 1258 fando

154 1288 339 1336 damna
374 1287 521 1346 vehit,
562 1287 778 1351 trepidas
814 1290 953 1352 lapsa
988 1297 1062 1339 est
1098 1288 1347 1352 Polynieis
1382 1290 1450 1338 ad.
1483 1288 1627 1338 auris.

154 1367 354 1432 diriguit
388 1367 578 1418 iuvenis
615 1368 947 1433 lacrimaeque
981 1371 1183 1420 haesere
1219 1379 1430 1434 paratae,

155 1459 204 1499 et
239 1459 471 1499 cunctata
506 1451 664 1511 fides;
700 1449 909 1499 nimium
946 1468 1062 1500 nam
1099 1451 1297 1515 cognita
1331 1451 1483 1500 virtus

156 1531 384 1582 Oenidae
420 1531 554 1582 credi
589 1533 745 1581 letum
783 1534 1058 1596 suadetque
1099 1542 1346 1597 vetatque.
1788 1592 1790 1596 y
1876 1573 1880 1599 2

156 1614 245 1662 sed
281 1622 547 1677 postquam
583 1614 718 1663 haud
753 1613 911 1663 dubio
946 1615 1112 1664 clades
1148 1624 1349 1664 auctore
1384 1622 1575 1678 reperta
1609 1623 1697 1675 est,
1747 1668 1749 1670 ,
1797 1635 1799 1637 ’
1877 1641 1880 1655 ·

155 1712 255 1745 nox
291 1697 463 1744 oculos
499 1703 821 1758 mentemque
855 1695 1015 1759 rapit3
1061 1704 1168 1745 tum
1205 1695 1443 1760 sanguine
1481 1697 1579 1744 fixo
1877 1689 1879 1747 ἶ

158 1777 382 1826 membra
417 1775 576 1837 simul,
616 1775 763 1824 simul
797 1793 933 1825 arma
968 1786 1152 1826 ruunt:
1200 1767 1368 1827 madet
1403 1778 1558 1826 ardua
1593 1778 1712 1826 fletu
1743 1826 1746 1827 γ
1877 1771 1880 1812 ῗ

157 1857 256 1907 iam
291 1859 431 1922 galea
464 1866 614 1920 atque
651 1874 826 1907 ocreae
862 1857 1077 1921 clipeum
1113 1874 1351 1921 excepere
1386 1860 1664 1908 cadentem.
1798 1919 1801 1921 ‚

157 1939 194 1988 it
230 1948 448 1988 maestus
484 1955 647 2003 genua
682 1955 827 2003 aegra
862 1940 1061 1988 trahens
1096 1940 1390 2002 hastamque
1426 1948 1731 2004 sequentem,
1810 1998 1813 2006 .

158 2019 443 2070 vulneribus
480 2036 572 2069 ceu
609 2019 744 2069 mille
780 2019 938 2084 gravis
975 2029 1207 2084 totosque
1243 2037 1330 2084 per
1364 2029 1498 2069 artus

159 2101 384 2152 saucius:
432 2101 678 2150 absistunt
713 2100 836 2151 socii
872 2110 1249 2165 monstrantque
1283 2111 1551 2165 gementes.

159 2185 364 2233 tandem
400 2182 483 2232 ille
518 2181 737 2242 abiectis,
778 2182 857 2231 vix
893 2199 1021 2246 quae
1056 2191 1347 2247 portaverat,
1385 2182 1532 2231 armis

159 2266 325 2314 nudus
360 2263 411 2312 in
449 2263 628 2327 egregii
663 2279 875 2312 vacuum
912 2263 1012 2312 iam
1049 2280 1228 2328 corpus
1262 2263 1411 2313 amici

151 2345 374 2410 procidit
409 2354 458 2394 et
493 2344 579 2393 tali
614 2344 839 2394 lacrimas
876 2362 992 2394 cum
1028 2362 1151 2394 voce
1186 2344 1434 2409 profudit:

164 2432 176 2455 ‘
197 2429 372 2476 Hasne
407 2425 511 2485 tibi,
550 2442 799 2475 armorum
837 2443 948 2489 spes
985 2444 1016 2476 o
1052 2442 1282 2490 suprema
1319 2442 1555 2484 meorum,

162 2507 374 2567 Oenide,
414 2506 578 2571 gratis,
614 2508 739 2557 haec
774 2507 993 2571 praemia
1029 2507 1179 2572 digna
1214 2507 1434 2571 rependi,

215 2650 267 2675 22
297 2636 457 2687 campis
493 2635 537 2687 (o
571 2635 794 2689 suprascr.)
831 2635 900 2687 Q:
939 2648 1107 2687 campus
1135 2635 1178 2674 P
1364 2648 1417 2685 23
1447 2641 1644 2676 terr-aene

163 2696 328 2731 mutata
349 2692 616 2743 interpunct.:
657 2696 882 2741 terraeque
911 2691 1023 2731 codd.
1148 2690 1357 2729 mirantur
1374 2690 1458 2729 ΡΙ)
1490 2691 1592 2744 (-se«
1621 2694 1814 2741 supms'

160 2747 224 2799 D)
252 2760 262 2785 ε
291 2746 550 2785 miserantur
567 2745 637 2784 ωδ
658 2760 668 2786 :
697 2746 898 2785 miramur
910 2744 1078 2794 Bentley
1225 2757 1278 2794 24
1306 2750 1446 2795 portat
1465 2745 1507 2783 A
1675 2745 1728 2783 28
1756 2756 1785 2783 n
1873 2752 1876 2781 ἑ

162 2806 333 2840 centum
351 2801 395 2851 (e
414 2801 526 2852 sup.)
549 2800 589 2851 Q
688 2812 741 2849 33
772 2806 909 2839 turma
927 2799 971 2837 P
1075 2811 1128 2849 35
1158 2798 1373 2849 polycinis
1393 2798 1436 2837 P
1539 2811 1592 2848 40
1620 2803 1720 2837 tunc
1747 2795 1802 2838 Ν
1873 2794 1876 2841 ξ

163 2867 215 2905 45
245 2854 456 2894 absistunt
478 2854 551 2905 (ob
571 2856 798 2908 suprascr.)
823 2855 865 2893 D
976 2859 1268 2904 monstratque
1287 2852 1330 2891 P
1358 2899 1361 2902 Α
1799 2867 1809 2878 ν’
1874 2856 1875 2865 ’
