1884 3204
918 89 1402 139 ACHILLEIDOS
1440 89 1655 136 LIBER
1693 88 1746 135 II

12 216 15 221 ’
96 238 174 280 335
195 219 275 268 hic
313 221 513 268 Ithacus
550 221 750 283 paulum
788 219 994 282 repetito
1030 220 1223 283 longius
1259 237 1401 269 orsu:

200 303 398 349 ‘Fertur
432 299 482 348 in
521 303 784 360 Hectorea,
822 299 862 348 si
899 300 1013 348 talia
1048 301 1308 360 credimus,
1349 303 1441 350 Ida
1699 317 1751 358 50

195 382 379 430 electus
414 382 600 430 formae
635 379 903 430 certamina
938 382 1125 429 solvere
1160 390 1326 444 pastor

196 460 428 510 sollicitas
464 461 679 510 tenuisse
714 463 832 511 deas
868 478 961 510 nec
997 470 1134 510 torva
1170 449 1424 511 Minervae

195 557 279 589 ora
315 559 407 591 nec
441 541 645 590 aetherii
681 541 865 591 sociam
903 542 1102 591 rectoris
1138 542 1300 591 amico

96 640 176 682 340
194 621 392 681 lumine,
432 623 519 671 sed
555 624 710 672 solam
746 622 955 671 nimium
991 622 1171 672 vidisse
1209 622 1421 672 Dionen.

194 706 342 765 atque
376 704 505 752 adeo
539 703 597 752 lis
633 703 715 752 illa
749 703 845 752 tuis
881 712 1047 752 exorta
1082 703 1175 752 sub
1209 703 1360 752 antris
1694 721 1748 762 55

196 782 408 833 concilio
443 801 688 847 superum,
728 786 848 833 dum
886 786 1033 833 Pelea
1068 786 1214 834 dulce
1250 783 1443 832 maritat

197 863 384 924 Pelion,
422 873 471 914 et
506 865 685 914 nostris
721 865 819 913 iam
856 874 974 914 tunc
1010 865 1305 929 promitteris
1340 864 1500 914 armis.

195 943 264 992 ira
298 945 455 1007 quatit
490 945 643 995 victas
660 964 674 1006 3
715 946 838 1009 petit
876 946 1086 995 exitialia
1120 945 1267 995 iudex

97 1043 175 1085 345
196 1025 442 1088 praemia:
485 1026 667 1090 raptori
701 1026 867 1076 faciles
905 1036 1238 1076 monstrantur
1272 1028 1523 1089 Amyclae.

195 1105 276 1153 ille
313 1107 528 1170 Phrygas
565 1109 717 1167 lucos,
757 1107 923 1156 matris
959 1107 1228 1171 penetralia
1263 1107 1425 1156 caedit
1697 1114 1751 1153 60

195 1185 455 1249 turrigerae
490 1187 764 1252 vetitasque
800 1190 906 1238 solo
942 1189 1267 1252 procumbere
1301 1187 1448 1251 pinus

194 1267 482 1331 praecipitat
517 1277 766 1337 terrasque
801 1271 925 1318 freto
961 1271 1153 1319 delatus
1188 1270 1414 1317 Achaeas

194 1347 402 1411 hospitis
438 1348 642 1398 Atridae
681 1350 854 1413 (pudet
888 1352 987 1399 heu
1024 1349 1319 1412 miseretque
1354 1347 1570 1412 potentis

95 1443 174 1485 350
194 1417 423 1488 Europae
443 1425 474 1491 l)
510 1426 688 1490 spoliat
723 1429 979 1486 thalamos,
1020 1429 1318 1489 Helenaque
1354 1426 1594 1489 superbus

194 1505 388 1569 navigat
423 1515 472 1555 et
506 1515 677 1569 captos
712 1508 777 1555 ad
813 1509 1051 1570 Pergama
1085 1506 1285 1555 devehit
1319 1508 1492 1569 Argos.
1695 1513 1748 1564 65

195 1584 312 1634 inde
347 1587 466 1636 dato
500 1587 683 1650 passim
719 1587 874 1636 varias
909 1604 1105 1636 rumore
1139 1603 1227 1650 per
1261 1588 1425 1647 urbes,

194 1662 416 1726 undique
451 1663 649 1713 inexciti
684 1664 779 1714 sibi
814 1665 1024 1728 quisque
1060 1674 1108 1714 et
1144 1674 1321 1728 sponte
1357 1664 1548 1714 coimus

194 1744 406 1793 ultores:
448 1744 558 1808 quis
593 1744 724 1794 enim
762 1744 960 1794 inlicitis
995 1744 1206 1808 genialia
1239 1744 1401 1809 rumpi

94 1841 172 1882 355
193 1833 338 1887 pacta
372 1825 499 1874 dolis
534 1825 763 1889 facilique
797 1825 923 1875 trahi
957 1825 1173 1875 conubia
1206 1835 1348 1889 raptu

194 1921 286 1954 ceu
321 1911 473 1968 pecus
507 1916 849 1956 armentumve
883 1916 969 1955 aut
1003 1906 1111 1956 vilis
1147 1906 1319 1955 messis
1354 1923 1555 1955 acervos
1698 1922 1750 1967 70

193 1986 438 2048 perferat?
478 1988 601 2036 haec
636 1987 784 2036 etiam
820 1986 957 2036 fortis
992 1987 1177 2036 iactura
1212 1996 1442 2036 moveret.

193 2083 295 2115 non
331 2067 441 2116 tulit
477 2067 680 2117 insidias
716 2068 886 2118 divum
921 2068 1212 2132 imperiosus
1248 2071 1448 2132 Agenor

194 2147 509 2212 mugitusque
544 2165 708 2198 sacros
744 2158 793 2198 et
829 2166 1008 2213 magno
1044 2149 1248 2198 numine
1283 2158 1475 2198 vectam

93 2235 174 2289 360
193 2228 401 2292 quaesiit
437 2231 670 2293 Europen
705 2239 1092 2294 aspernatusque
1127 2232 1409 2279 Tonantem
1445 2239 1518 2279 est

194 2318 247 2358 ut
281 2326 516 2373 generum
533 2329 547 2372 3
588 2320 777 2375 raptam
814 2311 1045 2374 Scythico
1081 2313 1145 2360 de
1179 2311 1319 2360 litore
1354 2313 1543 2374 prolem
1697 2328 1747 2373 75

193 2407 296 2440 non
331 2390 441 2439 tulit
471 2393 654 2440 Aeetes
688 2393 915 2455 ferroque
947 2401 995 2441 et
1030 2394 1185 2441 classe
1220 2401 1417 2441 secutus

194 2471 441 2520 semideos
476 2489 613 2539 reges
649 2481 698 2539 et
732 2472 909 2538 ituram
945 2473 996 2526 in
1032 2472 1192 2524 sidera
1226 2473 1462 2537 puppim:

91 2594 778 2703 Ea‘ffia‘cillciliunlaetzrgffirecfenidlzpn
809 2607 882 2635 ora
899 2612 953 2700 {⁰4
981 2607 1138 2690 lumiffii
1156 2595 1754 2701 gnammegIEveritagguZn}

92 2705 146 2754 63
175 2704 306 2754 pudet
324 2703 384 2742 Ε2
404 2704 506 2751 (om.
530 2703 572 2742 E
578 2702 613 2751 ¹)
777 2706 829 2754 67
859 2704 1045 2744 inexcuti
1064 2705 1106 2743 E
1267 2705 1322 2743 68
1350 2704 1522 2743 inlicitis
1552 2703 1748 2754 genealia

93 2757 229 2809 rumpi
248 2757 333 2796 PK
349 2772 359 2797 :
387 2757 571 2808 genialia
583 2758 766 2810 'foedera
786 2760 923 2809 rumpi
947 2758 1026 2809 QE
1174 2759 1229 2808 69
1259 2759 1372 2798 ssucti
1390 2759 1502 2798 dolis
1520 2758 1562 2797 E
1695 2770 1753 2808 71.

91 2811 198 2851 haec
216 2811 363 2864 etiam]
386 2818 429 2851 et
448 2825 534 2851 non
550 2813 658 2852 haec
677 2813 719 2852 E
829 2826 878 2863 74
906 2817 1261 2864 aspernatemque
1273 2812 1366 2865 (tus
1383 2819 1474 2865 sup.
1497 2819 1583 2853 tem
1593 2813 1691 2863 scr.)
1708 2812 1748 2864 E

95 2877 145 2916 75
174 2871 337 2917 raptam
357 2866 426 2905 Εω
445 2880 455 2905 2
483 2872 603 2916 rapta
622 2866 664 2904 P
780 2873 823 2907 et
841 2867 1022 2908 scithico
1042 2867 1111 2906 Εω
1223 2881 1272 2918 77
1302 2879 1394 2908 om.·
1408 2868 1450 2907 Ε
1475 2880 1479 2881 ’
1545 2867 1659 2907 *itura
1677 2866 1722 2906 P
1737 2879 1757 2905 ε’

95 2919 237 2970 iteram
261 2920 305 2973 (u
325 2926 415 2972 sup.
434 2935 455 2971 e
475 2920 593 2972 add.)
623 2920 663 2971 Q
