1884 3204
144 97 196 143 P.
236 95 492 143 ΡΑΡῙΝΙ·
517 94 721 143 STATI

145 241 342 299 nectere
376 233 552 281 fronde
588 247 757 280 comas
793 238 842 280 et
876 232 941 280 ad
975 229 1210 294 inspirata
1244 228 1391 278 rotari
1729 218 1815 290 17],

147 315 310 362 buxa:
358 313 535 362 timent
571 313 763 375 thyrsos
800 320 1065 375 nuptarum
1102 320 1151 360 et
1185 309 1371 375 proelia
1407 317 1632 357 matrum.
1718 302 1727 308 ’
1797 299 1800 300 ’

120 396 282 444 ·unde
312 394 462 442 *tubas
502 395 818 456 Martemque
853 391 968 456 pati,
1007 391 1093 456 qui
1128 391 1344 441 fervidus
1380 407 1497 440 ecce

150 484 340 539 quanta
375 476 556 538 parat?
604 473 728 537 quid
763 473 805 522 si
840 473 922 522 ille
957 482 1070 522 tuos
1107 474 1318 523 Curetas
1354 471 1406 520 in
1440 487 1577 519 arma

148 559 298 606 ducat
334 565 383 605 et
418 555 646 604 innocuis
682 554 850 604 iubeat
885 556 1151 604 decernere
1186 552 1330 617 peltis
1348 555 1371 601 Ρ
1812 613 1817 617 ,⁷

149 637 270 701 quin
306 636 455 686 etiam
491 636 676 685 invisos
714 635 805 700 (sic
840 635 997 685 hostis
1033 635 1190 685 defuit
1214 633 1257 699 ?)
1294 636 1453 698 Argos
1735 631 1819 694 174Ἰ

149 718 319 783 eligis!
367 735 397 767 o
434 717 565 782 ipsis,
604 717 810 781 genitor,
848 705 1069 781 graviora
1104 715 1298 780 periclis

134 801 308 850 iussa:
357 798 631 848 novercalis
667 798 849 846 luimus
886 797 1042 847 ditare
1079 799 1351 860 Mycenas!

150 883 277 931 cedo
314 879 562 943 equidem.
637 895 738 942 quo
774 895 911 927 sacra
946 887 1113 927 tamen
1149 878 1370 941 ritusque
1404 885 1690 941 peremptae

149 961 309 1026 gentis
345 970 408 1020 et,
446 960 499 1008 in
533 961 727 1008 tumulo
764 958 805 1007 si
843 958 964 1022 quid
1000 960 1129 1007 male
1163 961 1264 1007 feta
1297 957 1494 1022 reliquit
1558 997 1561 999 .
1804 1014 1825 1022 .

152 1052 319 1101 mater,
358 1041 493 1089 abire
529 1040 712 1089 iubes?
780 1041 1011 1088 Thracen
1048 1039 1293 1102 silvasque
1329 1037 1579 1103 Lycurgi?

150 1140 281 1172 anne
316 1122 645 1186 triumphatos
681 1120 865 1184 fugiam
902 1120 1127 1184 captivus*
1159 1122 1225 1170 ad
1262 1122 1459 1170 Indos?

153 1207 217 1255 da
252 1205 423 1254 sedern
460 1205 698 1266 profugo!
746 1201 908 1266 potuit
944 1202 1156 1252 Latonia
1191 1204 1336 1252 frater

154 1303 269 1335 saxa
304 1284 419 1350 (nec
455 1283 678 1348 invideo)
714 1285 930 1347 defigere
967 1285 1133 1332 Delon
1169 1292 1218 1333 et
1253 1282 1364 1332 imis

155 1367 510 1416 commendare
546 1365 714 1427 fretis3
761 1382 874 1414 cara
917 1364 1169 1414 submovit
1204 1364 1268 1413 ab
1303 1381 1417 1414 arce

154 1447 346 1498 hostilis
382 1446 602 1496 Tritonis
637 1464 827 1511 aquas;
872 1446 974 1495 vidi
1009 1446 1116 1510 ipse
1150 1455 1408 1510 potentem
1745 1454 1841 1507 185

154 1529 383 1594 gentibus
412 1528 541 1577 Eois
580 1530 846 1592 Epaphum
883 1529 1001 1578 dare
1036 1527 1156 1588 iura,
1194 1545 1287 1577 nec
1324 1529 1449 1576 ullas

156 1613 363 1674 Cyllene
400 1618 587 1659 secreta
622 1609 767 1658 tubas
806 1608 1043 1658 Minoave
1078 1618 1216 1658 curat

157 1695 279 1743 Ida:
328 1691 450 1755 quid
486 1692 586 1740 heu
621 1700 816 1740 tantum
851 1690 1032 1740 nostris
1069 1690 1333 1740 offenderis
1369 1689 1504 1740 aris?

155 1774 238 1823 hic
274 1773 365 1822 tibi
402 1772 628 1837 (quando
664 1771 827 1822 minor
862 1771 962 1821 iam
998 1781 1166 1822 nostra
1200 1771 1444 1836 potentia)
1481 1780 1654 1821 noctes

159 1856 441 1905 Herculeae
476 1854 788 1918 placitusque
822 1871 975 1917 vagae
1013 1853 1287 1917 Nycteidos
1321 1855 1482 1914 ardor,
1749 1870 1843 1915 190

157 1936 239 1986 hic
275 1934 480 2000 Tyrium
516 1951 672 1999 genus
709 1944 758 1985 et
792 1944 963 1984 nostro
998 1934 1187 1984 felicior
1221 1933 1334 1998 igne

159 2028 356 2067 taurus:
404 2019 693 2081 Agenoreos
731 2018 906 2085 saltem
942 2025 1100 2065 tutare
1136 2017 1375 2079 nepotes.'

229 2098 480 2148 Invidiam
517 2098 621 2147 risit
657 2107 809 2162 pater,
848 2107 898 2147 et
933 2098 1031 2147 iam
1068 2097 1257 2162 poplite
1292 2099 1475 2146 flexum
1509 2135 1511 2138 .

162 2189 568 2244 sternentemque
604 2194 781 2229 manus
818 2177 1111 2243 tranquillus
1147 2180 1212 2228 ad
1249 2181 1420 2228 oscula
1454 2179 1582 2229 tollit

160 2263 313 2326 inque
347 2261 508 2311 vicem
544 2261 739 2326 placida
775 2278 886 2311 orsa
919 2263 1097 2311 refert:
1147 2262 1294 2310 ‘Non
1329 2259 1552 2324 coniugis
1589 2260 1681 2310 ista
1753 2280 1847 2323 1951

161 2343 394 2403 consiliis,
433 2352 487 2391 ut
522 2359 639 2402 rere,
679 2359 814 2406 puer,
853 2359 946 2392 nec
983 2359 1129 2392 saeva
1170 2341 1360 2405 roganti
1851 2335 1852 2338 ¹

163 2425 233 2474 sic
269 2433 503 2488 expostus
540 2441 665 2488 ego:
713 2423 923 2473 immoto
959 2423 1255 2474 deducimur
1289 2424 1410 2472 orbe

163 2508 409 2567 fatorum3
445 2514 635 2555 veteres
672 2522 910 2569 seraeque
944 2505 997 2554 in
1032 2505 1219 2570 proelia
1254 2521 1445 2554 causae.
1472 2533 1474 2535 -

223 2649 300 2686 172
329 2637 401 2686 qui
421 2635 503 2674 PA
526 2649 536 2675 z
565 2636 667 2685 quin
687 2633 758 2674 ωδ
936 2637 1013 2685 176
1042 2634 1164 2686 eligis
1182 2635 1332 2688 scrip3i
1346 2635 1560 2675 Lactantii
1574 2639 1655 2674 not.
1679 2634 1740 2674 ad
1755 2647 1830 2686 177
1850 2656 1852 2659 v

163 2695 340 2739 secutus,
361 2690 410 2741 cf,
431 2690 458 2730 i.
482 2701 562 2740 259
749 2701 824 2740 177
852 2686 1003 2729 luimus
1022 2690 1089 2730 P:
1125 2691 1288 2730 ruimus
1307 2689 1378 2729 ωδ
1568 2702 1645 2739 179
1672 2689 1833 2729 tumulo
1856 2719 1857 2722 η

164 2745 341 2784 Nauke:
370 2745 556 2784 tumulos
584 2743 696 2785 codd.
914 2746 990 2794 183
1020 2745 1116 2783 unis
1135 2744 1255 2784 PNS
1464 2745 1539 2793 187
1569 2743 1774 2794 Cyllenes
1791 2743 1839 2782 N
1859 2777 1862 2778 γ

165 2804 203 2838 et
220 2812 240 2837 e
257 2798 367 2838 codd.
398 2798 603 2839 Heinsius
696 2799 889 2838 minoave
908 2798 1020 2839 codd.
1045 2798 1137 2839 dett.
1161 2798 1251 2839 edd.
1271 2812 1281 2839 t
1310 2797 1517 2838 minoiave
1536 2797 1646 2839 Paos
1754 2798 1846 2849 189>

166 2854 305 2893 noctis
324 2854 365 2892 P
531 2866 609 2904 192
639 2858 787 2892 taurus
808 2859 851 2892 et
872 2852 911 2904 Q
1808 2851 1811 2853 ’
