1884 3204
120 89 172 137 P.
213 89 455 139 PAPINI
493 82 699 140 STATI

118 224 291 275 circuit
326 234 569 276 errantem
606 234 654 276 et
690 214 826 292 tergo
862 226 1137 292 necopinus
1154 218 1409 289 inhaeret,

120 307 235 356 mox
269 308 396 356 latus
431 316 480 357 et
517 308 660 357 firmo
689 309 818 358 celer
858 298 1078 374 implicat
1113 308 1196 359 ilia
1229 326 1374 370 nexu,

119 387 389 453 poplitibus
423 402 585 452 genua
621 388 739 439 inde
774 407 1004 455 premens
1039 391 1248 440 evadere
1282 390 1445 440 nodos

118 468 421 533 nequiquam
459 478 507 519 et
543 470 680 520 lateri
716 472 936 521 dextram
973 471 1207 521 insertare
1243 479 1501 535 parantem

118 550 386 614 improbuS,
426 551 728 601 horrendum
764 551 870 601 visu
905 568 964 601 ac
1000 550 1224 600 mirabile
1259 541 1476 615 ponduS,

118 629 328 681 sustulit.
402 631 665 681 Herculeis
700 649 923 696 pressum
961 631 1030 681 sic
1066 633 1196 680 fama
1231 630 1424 681 lacertis

116 709 407 775 terrigenam
445 713 649 762 sudasse
685 712 862 776 Libyn,
900 713 1014 762 cum
1051 713 1223 762 fraude
1258 721 1449 776 reperta

116 801 283 855 raptus
319 791 370 841 in
406 795 672 855 excelsum,
708 810 801 843 nec
837 792 935 842 iam
971 810 1084 857 spes
1120 795 1220 843 ulla
1254 792 1482 854 cadendi,

117 890 210 923 nec
246 873 360 923 licet
395 883 613 924 extrema
648 884 855 924 matrem
893 874 1179 938 contingere
1215 876 1398 938 planta.

186 954 264 1003 Fit
300 971 467 1016 sonuS,
506 964 554 1004 et
589 957 745 1005 laetos
780 957 1013 1005 attollunt
1048 955 1248 1020 agmina
1283 958 1498 1020 plausus,

117 1046 236 1086 tunc
271 1038 369 1086 alte
404 1035 589 1086 librans
625 1035 887 1101 inopinum
924 1046 1102 1101 sponte
1136 1036 1323 1087 remisit

115 1117 477 1182 obliquumque
512 1116 665 1179 dedit,
702 1118 1216 1183 procumbentemque
1251 1127 1449 1168 secutus

116 1200 243 1248 colla
278 1198 424 1248 simul
461 1200 643 1257 dextra,
682 1199 894 1264 pedibus
930 1199 1076 1249 simul
1112 1198 1316 1264 inguina
1351 1198 1519 1251 vinxit.

116 1280 284 1330 deficit
319 1280 551 1330 obsessus
587 1282 796 1345 soloque
830 1282 1022 1345 pudore
1057 1290 1310 1346 repugnat.

115 1363 318 1412 tandem
355 1371 528 1427 pectus
564 1361 704 1411 humi
738 1378 1049 1427 pronamque
1084 1372 1314 1413 extensus
1350 1362 1401 1411 in
1436 1364 1604 1412 alvum

117 1443 360 1504 sternitur,
397 1460 456 1493 ac
492 1446 643 1508 longo
680 1453 896 1494 maestus
932 1453 1045 1509 post
1081 1453 1305 1509 ternpore
1340 1443 1506 1509 surgit,

116 1524 276 1590 turpia
311 1525 501 1590 signata
535 1525 765 1590 linquens
802 1525 1005 1590 vestigia
1040 1535 1178 1576 terra.

117 1609 332 1670 palmam
367 1616 534 1656 autem
571 1608 740 1657 dextra
773 1609 1012 1671 laevaque
1046 1606 1254 1657 nitentia
1285 1595 1423 1657 dono

115 1705 251 1737 arma
286 1689 446 1738 ferens
482 1689 715 1752 Tydeus:
761 1691 775 1714 ‘
797 1687 934 1752 Quid
971 1688 1011 1738 si
1046 1705 1150 1738 non
1184 1687 1435 1753 sanguinis
1469 1688 1617 1739 huius

116 1779 305 1834 partem
342 1770 477 1819 haud
513 1768 738 1833 exiguam
775 1768 953 1835 (scitis)
991 1769 1231 1819 Dircaeus
1267 1770 1471 1820 haberet

116 1852 359 1914 campus?
405 1849 491 1899 ubi
527 1851 621 1900 hae
657 1867 815 1915 nuper
849 1851 1138 1900 Thebarum
1173 1852 1372 1901 foedera
1410 1852 1649 1916 plagae?’

116 1933 238 1981 haec
275 1930 421 1980 simul
458 1940 713 1981 ostentans
750 1930 1073 1995 quaesitaque
1108 1930 1328 1995 praemia
1362 1932 1568 1982 laudum

116 2015 201 2061 dat
237 2011 395 2073 sociis,
436 2011 657 2076 sequitur
691 2013 945 2076 neglectus
982 2014 1188 2077 Agyllea
1223 2013 1410 2063 thorax.
1703 2034 1786 2077 910
1830 2035 1834 2039 ¹

185 2095 310 2143 Sunt
345 2104 394 2143 et
429 2093 514 2157 qui
552 2095 690 2143 nudo
726 2095 937 2144 subeant
977 2110 1270 2144 concurrere
1305 2096 1446 2145 ferr0.
1507 2139 1509 2141 .

116 2176 315 2239 iamque
350 2177 555 2225 aderant
590 2175 815 2226 instructi
850 2177 997 2225 armis
1036 2175 1335 2241 Epidaurius
1369 2178 1559 2241 Agreus

115 2267 163 2306 et
199 2259 425 2307 nondum
462 2257 572 2306 fatis
611 2257 850 2308 Dircaeus
885 2257 1145 2323 agentibus
1182 2260 1332 2308 exsul.

117 2341 217 2390 dux
252 2348 384 2388 vetat
423 2338 643 2389 Iasides:
696 2341 899 2390 ‘Manet
935 2339 1108 2403 ingens
1144 2339 1289 2403 copia
1323 2338 1422 2401 leti,

116 2438 146 2469 o
183 2420 414 2470 iuvenes!
463 2430 652 2471 servate
686 2420 880 2471 animos
916 2420 1218 2485 avidumque
1254 2422 1468 2471 furorem
1702 2442 1784 2486 9¹5
1830 2414 1854 2470 s

115 2501 366 2566 sanguinis
401 2501 606 2552 adversi.
680 2512 833 2566 tuque
869 2519 914 2563 o,
953 2519 1104 2567 quem
1139 2503 1339 2567 propter
1372 2502 1502 2553 avita
1835 2491 1837 2493 ¹

115 2584 292 2648 iugera,
332 2583 537 2634 dilectas
573 2582 653 2634 cui
689 2583 1020 2633 desolavimus
1056 2583 1217 2645 urbeS‚

116 2683 192 2726 ne,
231 2681 417 2730 precor,
456 2674 570 2715 ante
605 2665 763 2716 aciem
800 2665 875 2715 ius
899 2674 1104 2715 tantum
1140 2665 1336 2725 casibus
1372 2682 1479 2716 esse

1703 1627 1785 1670 905
1814 1618 1820 1625 ²

172 2797 252 2835 888
283 2796 474 2835 circumit
503 2795 580 2836 PS
773 2796 856 2846 892
886 2795 1125 2836 miserabile
1148 2795 1186 2846 Q
1373 2797 1456 2846 908
1484 2795 1526 2835 in
1547 2796 1720 2837 foedera
1739 2796 1785 2837 D
1810 2787 1811 2791 ¹

116 2863 200 2901 909
227 2856 413 2891 ostentat
434 2850 477 2889 D
641 2863 721 2902 917
753 2850 941 2891 delectas
960 2849 1004 2890 P
1109 2849 1393 2892 desolabimus
1411 2850 1529 2892 PNS
1800 2848 1801 2851 '
1830 2874 1834 2876 ἡ
