1884 3204
140 139 196 188 P.
244 140 487 188 PAPINI
525 141 730 193 STATI

140 274 343 327 foedera
379 275 647 325 conciliant
682 293 812 326 nova
847 279 1166 340 solanturque
1199 276 1442 327 timorem.

131 353 270 407 ibant
304 355 520 420 insignes
556 360 794 421 vultuque
827 358 1101 422 habituque
1135 360 1354 408 verendo
1465 406 1468 408 ,
1729 378 1805 416 230

141 436 356 486 candida
390 455 691 502 purpureum
728 441 865 488 fusae
900 456 1046 503 super
1081 457 1166 489 ora
1200 441 1444 503 pudorem
1476 449 1478 453 '

139 516 461 581 deiectaeque
496 536 677 583 genas;
725 520 872 569 tacite
908 520 1040 570 subit
1074 520 1156 569 ille
1191 538 1450 585 supremus

139 597 429 662 virginitatis
464 616 615 660 amor,
655 600 940 664 primaeque
976 601 1221 650 modestia
1256 604 1431 665 culpae

139 680 401 729 confundit
436 683 633 743 vultus3
686 691 805 731 tunc
841 699 927 731 ora
960 682 1180 746 rigantur
1210 682 1432 733 honestis

133 759 389 821 imbribus,
427 771 477 810 et
511 771 707 811 teneros
741 762 971 811 lacrimae
1005 763 1170 812 iuvere
1204 773 1447 827 parentes.
1726 783 1801 824 235

134 858 237 891 non
273 859 416 891 secus
450 860 509 891 ac
546 860 725 907 supero
761 843 939 906 pariter
975 843 1015 892 si
1049 843 1250 892 cardine
1284 845 1451 907 lapsae

135 924 295 971 Pallas
333 932 381 972 et
416 923 633 987 asperior
669 923 862 972 Phoebi
899 940 1049 984 soror,
1088 933 1298 987 utraque
1333 924 1458 985 telis,

131 1012 339 1066 utraque
375 1013 513 1052 torva
547 1003 685 1067 genis
722 1006 951 1067 flavoque
986 1003 1038 1052 in
1073 1003 1255 1053 vertice
1290 1006 1447 1066 nodo,

131 1083 213 1132 illa
249 1101 361 1133 suas
399 1086 600 1147 Cyntho
636 1084 844 1133 comites
879 1093 1006 1148 agat,
1050 1086 1175 1133 haec
1210 1087 1498 1148 Aracyntho
1514 1104 1529 1147 3
1783 1139 1786 1142 ,

129 1174 261 1225 tunc,
301 1165 342 1214 si
377 1157 660 1226 fas'oculis,
694 1182 797 1215 non
833 1182 1072 1228 umquam
1107 1167 1256 1228 longa
1290 1168 1481 1215 tuendo
1721 1189 1799 1228 240

131 1247 377 1310 expedias,
415 1246 495 1296 cui
531 1246 688 1296 maior
722 1248 898 1307 honos,
936 1246 1017 1295 cui
1051 1246 1243 1310 gratior,
1281 1256 1366 1296 aut
1401 1249 1512 1310 plus

131 1329 196 1377 de
233 1330 354 1377 Iove
372 1346 386 1389 3
431 1337 748 1391 mutatosque
782 1328 936 1377 velint
970 1337 1275 1377 transumere
1310 1330 1487 1389 cultus,

130 1418 180 1458 et
216 1412 377 1458 Pallas
413 1411 589 1459 deceat
623 1411 875 1473 pharetras
911 1419 960 1458 et
998 1409 1144 1458 Delia
1179 1409 1362 1459 cristas.

199 1492 404 1541 Certant
439 1490 624 1540 laetitia
658 1507 963 1554 superosque
998 1490 1050 1539 in
1084 1500 1200 1540 vota
1234 1491 1439 1555 fatigant

126 1568 430 1618 Inachidae:
467 1586 595 1631 quae
630 1568 811 1632 cuique
846 1570 1026 1617 domus
1062 1568 1285 1632 sacrique
1319 1571 1544 1632 facultas,
1715 1587 1793 1634 '245
1843 1629 1845 1632 y

129 1649 181 1698 hi
217 1650 351 1699 fibris
386 1649 652 1713 animaque
687 1649 842 1710 litant,
880 1649 932 1698 hi
967 1649 1183 1714 caespite
1218 1651 1371 1711 nudo,

127 1748 221 1780 nec
258 1731 422 1780 minus
457 1731 626 1790 auditi,
666 1730 704 1780 si
741 1748 882 1780 mens
917 1740 1135 1794 accepta,
1175 1741 1424 1781 merentur

128 1822 236 1861 ture
272 1814 395 1862 deos
430 1813 696 1876 fractisque
731 1813 1015 1861 obtendunt
1050 1811 1225 1861 limina
1261 1812 1407 1862 silvis.

124 1910 241 1943 ecce
277 1903 415 1943 metu
451 1893 618 1943 subito
654 1893 910 1957 (Lachesis
946 1893 1016 1942 sic
1051 1894 1176 1942 dura
1209 1893 1435 1959 iubebat)

122 1974 364 2038 impulsae
402 1984 597 2024 mentes
634 1991 939 2038 excussaque
973 1974 1155 2038 gaudia
1188 1975 1315 2038 patri
1714 1997 1799 2038 250

124 2066 173 2106 et
208 2056 405 2105 turbata
440 2056 562 2105 dies.
637 2056 850 2120 innupto
887 2055 938 2104 in
974 2055 1145 2104 limine
1180 2055 1387 2105 adibant

125 2139 341 2198 Pallada,
383 2137 671 2201 Munychiis
708 2137 789 2186 cui
824 2154 927 2186 non
963 2136 1145 2201 Argiva
1178 2154 1267 2201 per
1302 2137 1437 2187 urbis

123 2219 408 2283 posthabita
444 2228 518 2268 est
554 2219 724 2268 Larisa
758 2218 883 2283 iugis
900 2237 915 2279 ,-
972 2218 1089 2267 huic
1125 2234 1262 2268 more
1297 2228 1557 2282 parentum

128 2299 331 2360 Iasides,
371 2300 600 2350 thalamis
636 2300 723 2350 ubi
759 2310 894 2350 casta
928 2300 1234 2350 adolesceret
1265 2310 1415 2362 aetas,

178 2443 256 2480 231
289 2430 485 2468 ruborem
514 2430 556 2468 A
756 2444 835 2480 232
864 2443 1092 2481 supremae
1120 2429 1163 2468 P
1351 2442 1432 2481 233
1461 2431 1660 2471 molestia
1690 2431 1790 2483 ΩΑι

117 2496 203 2533 235
238 2491 409 2523 teneros
442 2485 629 2534 (timidos
655 2492 861 2536 suprascr.
893 2492 916 2524 ῡ
947 2491 1039 2536 sup.
1062 2498 1089 2525 o
1115 2484 1236 2536 add.)
1415 2486 1614 2526 lacrimae
1642 2486 1790 2527 iuvere

125 2546 326 2589 parentes
353 2542 479 2589 (-tem
511 2539 743 2578 Adrastum
772 2540 1001 2591 suprascr.)
1032 2539 1103 2579 N:
1154 2551 1339 2590 generos
1362 2539 1559 2582 lacrimae
1580 2546 1622 2580 et
1642 2541 1789 2583 iuvere

1149 2604 1193 2626 ve
1230 2600 1243 2626 t

125 2641 329 2685 parentes
347 2636 450 2675 coni.
474 2635 749 2675 Lachmann:
780 2637 854 2674 alii
869 2637 954 2675 alia
1066 2649 1146 2686 242
1176 2636 1530 2676 lintranssumere
1558 2636 1602 2675 P
1707 2640 1790 2687 246

123 2690 193 2729 hic
210 2690 249 2740 Q
372 2703 450 2740 247
472 2696 693 2729 merentur
711 2689 771 2730 P:
802 2704 919 2730 mere
925 2690 979 2739 s‘t’
1000 2690 1047 2730 K
1061 2705 1071 2730 :
1101 2698 1289 2730 meretur
1308 2689 1504 2741 BDNQ:
1532 2697 1706 2739 veretur
1727 2694 1786 2739 (m

123 2750 216 2795 sup.
237 2757 263 2782 v
284 2743 401 2795 add.)
430 2743 469 2782 S
558 2746 639 2794 248
668 2758 770 2795 —que
799 2759 883 2785 om.
908 2744 994 2783 NA
1087 2756 1169 2794 250
1198 2745 1308 2796 patri
1338 2745 1403 2786 P:
1431 2746 1564 2795 patris
1591 2745 1786 2797 BDKQ:

125 2797 258 2847 patris
281 2798 415 2849 (vulgi
435 2800 659 2850 suprascr)
681 2799 729 2836 N
906 2811 982 2849 251
1015 2799 1238 2850 innuptam
1260 2799 1406 2841 limine
1435 2799 1545 2840 codd.
1567 2813 1576 2838 ε
1607 2800 1787 2851 innupto

124 2853 168 2890 in
191 2851 336 2891 limine
357 2854 556 2904 temptavi
580 2854 663 2892 coll.
688 2867 725 2892 v.
757 2855 839 2893 68:
868 2854 1073 2905 innuptae
1102 2854 1246 2893 limina
1271 2854 1444 2893 adibant
1473 2854 1673 2893 Pallados
1702 2855 1786 2894 cod.

112 2906 270 2956 Jortin,
304 2906 416 2956 quod
444 2920 540 2945 cum
572 2907 759 2947 Inachiis
789 2908 909 2960 rectpt'
926 2913 1086 2961 potest:
1121 2909 1344 2959 innuptum
1381 2908 1510 2951 limen
1542 2908 1787 2949 Phillimore

122 2972 206 3012 253
235 2960 303 3000 hic
323 2960 451 3011 codd.,
469 2975 567 3001 corr.
584 2962 727 3011 Jom'n
