1884 3204
883 79 1294 128 THEBAIDOS
1331 81 1546 127 LIBER
1586 82 1670 130 III

25 198 158 275 nunc
190 229 385 286 gentem
422 217 782 267 immeritam—
801 218 812 239 '
846 215 1070 265 lacrimas
1105 232 1207 265 non
1242 215 1439 279 pertulit
1474 218 1598 264 ultra

28 303 341 365 Bellipotens,
379 301 568 347 hastam
604 299 742 346 laeva
776 295 1034 344 transumit
1068 305 1116 345 et
1150 298 1251 344 alto

29 383 182 451 (haud
216 380 372 441 mora)
407 377 605 427 desiluit
639 394 796 435 curru,
834 376 1093 439 clipeoque
1129 385 1375 439 receptam

25 462 175 522 laedit
209 461 259 509 in
294 461 523 522 amplexu
557 458 802 520 dictisque
837 457 904 505 ita
940 459 1123 505 mulcet
1156 456 1356 505 amicis:

97 543 169 592 ‘O
205 539 326 590 mihi
361 540 602 588 bellorum
638 538 830 600 requies
866 546 914 586 et
950 554 1085 586 sacra
1119 539 1346 599 voluptas
1597 558 1674 597 295

23 639 221 686 unaque
255 638 349 685 pax
383 620 584 669 animo!
633 619 723 668 soli
759 618 839 668 cui
874 628 1010 667 tanta
1043 627 1262 680 potestas

16 687 349 775 iffivorumque
384 700 746 762 hominumque
781 699 902 748 meis
939 715 1192 748 occurrere
1227 698 1335 749 telis

0 778 227 855 {impune
262 791 311 831 et
347 780 511 830 media
545 780 769 844 quamvis
803 780 855 828 in
891 782 1045 829 caede
1079 779 1330 828 frementis

0 848 117 915 *hos
150 862 385 912 adsistere
420 878 588 925 equos,
627 863 761 910 hunc
795 878 965 910 ensem
999 863 1207 910 avellere
1242 862 1423 910 dextra.

0 962 118 994 “nec
153 943 275 993 mihi
309 942 499 992 Sidonii
533 942 742 1006 genialia
775 944 975 991 foedera
1009 942 1189 992 Cadmi
1601 961 1680 999 300

0 1015 119 1075 ¹nec
154 1034 250 1084 tua,
289 1041 413 1084 cara,
451 1025 574 1073 fides
610 1021 696 1087 (ne
731 1025 852 1071 falsa
885 1022 1128 1072 incessere
1162 1024 1323 1086 gaude
1346 1022 1377 1087 ἒ)

26 1105 324 1156 exciderint:
370 1104 503 1168 prius
538 1104 590 1153 in
624 1103 784 1167 patrui
819 1105 942 1154 deus
977 1104 1130 1153 infera
1165 1121 1354 1166 mergar

27 1196 199 1251 stagna
232 1195 281 1235 et
315 1184 543 1249 pallentis
579 1202 693 1248 agar
727 1194 1003 1233 exarmatus
1037 1186 1102 1233 ad
1138 1186 1352 1233 umbras.

27 1270 116 1318 sed
151 1283 285 1316 nunc
319 1268 528 1315 fatorum
567 1266 782 1314 monitus
818 1275 1136 1328 mentemque
1171 1265 1387 1328 supremi

29 1348 188 1398 iussus
224 1346 362 1396 obire
396 1346 544 1410 patris
579 1345 764 1411 (neque
799 1346 932 1394 enirn
968 1346 1212 1394 Vulcania
1245 1346 1330 1394 tali
1602 1366 1680 1407 305

28 1428 235 1493 imperio
270 1444 446 1476 manus
480 1435 596 1489 apta
631 1426 760 1490 legi),
799 1443 902 1489 quo
936 1436 1136 1490 pectore
1172 1436 1344 1475 contra

27 1511 97 1560 ire
134 1511 306 1558 Iovem
341 1507 598 1570 dictasque
633 1524 800 1570 parem
836 1517 1154 1556 contemnere
1189 1509 1334 1571 leges,

29 1591 110 1641 cui
145 1591 297 1638 modo
334 1587 444 1653 (pro
478 1588 603 1637 vires
624 1587 656 1651 ἒ)
692 1597 842 1637 terras
877 1591 1170 1652 caelumque
1205 1591 1485 1653 fretumque

28 1681 286 1721 attremere
321 1668 480 1719 oranti
515 1678 747 1732 totosque
782 1686 841 1718 ex
876 1670 1050 1719 ordine
1084 1670 1186 1719 vidi

30 1750 282 1801 delituisse
317 1752 479 1799 deos?
525 1751 614 1798 sed
648 1766 712 1798 ne
741 1746 870 1804 ‘mihi
905 1752 1054 1799 corde
1089 1767 1345 1814 supremos
1609 1771 1687 1810 310

10 1831 255 1894 concipe,
290 1847 414 1890 cara,
453 1839 647 1891 metus;
693 1832 896 1893 quando
931 1833 1055 1880 haec
1089 1841 1278 1880 mutare
1313 1841 1530 1895 potestas

33 1915 168 1962 nulla
201 1913 527 1961 datur—cum
563 1911 661 1959 iam
697 1911 856 1974 Tyriis
891 1913 984 1960 sub
1020 1912 1281 1961 moenibus
1316 1914 1493 1961 ambae

33 1994 291 2043 bellabunt
324 2001 508 2055 gentes,
545 1993 696 2040 adero
731 2001 780 2040 et
815 1992 949 2041 socia
982 2010 1118 2041 arma
1151 1993 1348 2042 iuvabo.

34 2083 154 2123 tunc
189 2090 269 2122 me
304 2072 574 2135 sanguineo
607 2074 705 2121 late
738 2074 987 2121 defervere
1021 2090 1199 2136 campo

35 2172 111 2204 res
147 2171 292 2217 super
326 2153 578 2216 Argolicas
613 2154 748 2202 haud
782 2153 852 2202 sic
887 2153 1079 2203 deiecta
1112 2154 1339 2215 videbis3
1614 2171 1690 2216 315·

35 2238 133 2285 hoc
169 2234 289 2283 mihi
324 2233 412 2293 ius,
451 2251 544 2283 nec
578 2235 678 2282 fata
710 2237 906 2283 vetant.'
977 2235 1046 2284 sic
1081 2253 1219 2284 orsus
1253 2245 1423 2299 aperto

37 2315 283 2380 flagrantis
319 2314 521 2363 immisit
556 2331 725 2377 equos.
797 2333 898 2364 non
935 2316 1072 2364 ocius
1108 2317 1193 2364 alti

37 2397 89 2447 in
124 2407 272 2446 terras
307 2395 440 2444 cadit
474 2395 544 2443 ira
580 2395 726 2456 Iovis,
765 2396 805 2444 si
840 2399 1042 2460 quando
1078 2399 1290 2446 nivalem

93 2537 171 2574 293
199 2524 379 2564 dissiluit
405 2523 449 2561 D
613 2537 693 2575 294
720 2524 888 2564 laedit'
868 2539 914 2564 tn
931 2524 1036 2564 lenit
1054 2538 1155 2565 corr.
1179 2526 1240 2576 Q.
1275 2526 1379 2566 lenit
1399 2527 1495 2566 coni.
1519 2527 1695 2566 Mueller

28 2578 113 2618 alii
145 2578 231 2617 alta
360 2581 440 2627 298
482 2578 717 2618 frementes
755 2579 994 2630 (†furentes
1031 2581 1258 2632 suprascr.)
1303 2581 1347 2618 D
1493 2594 1576 2630 300
1619 2595 1691 2630 ge-

40 2632 168 2671 nialia
185 2633 254 2671 Ρ.
283 2633 487 2682 genitalia
506 2631 575 2671 ωδ
709 2646 787 2682 301
818 2634 893 2685 ne]
916 2648 995 2673 nec
1025 2634 1066 2672 P
1172 2647 1252 2683 302
1282 2635 1519 2674 exciderint
1547 2635 1668 2675 PDS
1683 2650 1692 2674 z

41 2688 288 2726 exciderunt
316 2685 481 2737 BKLQ
503 2687 534 2738 (-
538 2701 581 2725 a-
601 2694 806 2738 suprascr.
828 2687 880 2727 al.
902 2701 958 2727 m.
980 2687 1067 2738 9)·
1057 2718 1067 2726 .
1096 2689 1343 2727 exciderant
1370 2688 1417 2727 N
1506 2702 1693 2739 mergam

40 2740 82 2780 P
269 2753 349 2790 304
377 2741 580 2780 factorum
609 2741 652 2779 P
864 2754 945 2792 309
972 2748 1169 2791 totosque
1199 2743 1243 2781 N
1265 2743 1380 2793 quod
1403 2744 1501 2782 coni.
1525 2743 1662 2782 Barth
1684 2759 1694 2783 ε

41 2799 266 2844 tantosque
294 2800 378 2835 cett.
557 2808 746 2845 311-312
773 2795 1117 2847 interpunxicum
1137 2796 1263 2836 codice
1287 2797 1335 2835 N
1512 2810 1592 2847 314
1623 2799 1694 2836 de-

43 2849 207 2888 fervere
226 2849 297 2888 vix
302 2849 414 2900 ferri
420 2853 580 2900 potest:
599 2849 707 2899 fort.
729 2850 955 2889 bellantem
975 2850 1142 2889 fervere
1319 2853 1401 2901 316
1428 2864 1484 2890 an
1504 2855 1675 2893 rursus?
