1884 3204
519 401 589 478 P.
645 411 973 482 ΡΑΡΙΝΙ
1024 412 1301 523 ΞΤΑΤᾸΙ

476 583 635 661 AC
656 584 736 659 H
759 584 792 658 I
815 583 1201 660 LLEID
1222 584 1370 660 OS

650 755 867 802 LIBER
914 755 1180 802 PRIMVS

94 906 478 953 MAGNANIMVM
515 904 768 954 Aeaciden
802 905 1217 969 formidatamque
1251 906 1470 955 Tonanti

92 984 377 1048 progeniem
413 994 462 1034 et
496 985 653 1048 patrio
688 985 890 1035 vetitam
926 988 1192 1036 succedere
1227 988 1378 1046 caelo,

93 1064 220 1125 diva,
258 1067 393 1115 refer.
466 1082 770 1130 quamquam
805 1076 915 1116 acta
950 1067 1038 1115 viri
1074 1069 1229 1116 multa
1263 1067 1433 1117 inclita
1467 1077 1615 1116 cantu

95 1146 346 1205 Maeonio,
386 1148 475 1196 sed
510 1149 650 1209 plura
684 1157 894 1196 vacant:
942 1164 1033 1196 nos
1070 1147 1138 1196 ire
1173 1165 1260 1211 per
1294 1164 1496 1197 omnem

95 1226 188 1286 (sic
222 1243 361 1275 amor
396 1227 489 1291 est)
525 1229 677 1276 heroa
710 1228 830 1277 velis
867 1230 1117 1292 Scyroque
1152 1230 1388 1278 latentem
1729 1248 1751 1289 5

96 1307 329 1356 Dulichia
362 1309 576 1370 proferre
612 1309 732 1356 tuba
767 1325 859 1357 nec
894 1308 945 1356 in
983 1311 1204 1358 Hectore
1239 1311 1395 1357 tracto

92 1387 274 1447 sistere,
313 1389 401 1437 sed
437 1397 540 1436 tota
574 1387 804 1437 iuvenem
840 1390 1087 1437 deducere
1121 1388 1284 1437 Troia.

91 1478 145 1517 tu
181 1470 348 1528 modo,
386 1468 427 1517 si
460 1478 675 1518 veterem
710 1469 863 1533 digno
897 1468 1204 1532 deplevimus
1238 1470 1431 1527 haustu,

92 1550 158 1598 da
191 1549 340 1598 fontis
375 1549 511 1610 mihi,
549 1550 765 1609 Phoebe,
803 1566 959 1598 novos
994 1566 1053 1598 ac
1087 1551 1263 1599 fronde
1298 1551 1518 1598 secunda

91 1639 235 1698 necte
258 1647 426 1679 comas
446 1650 455 1679 ε
491 1647 654 1694 neque
677 1630 811 1688 enirn
835 1629 1055 1680 Aonium
1080 1647 1256 1679 nemus
1279 1632 1472 1679 advena
1507 1632 1650 1694 pulso
1708 1651 1756 1680 10

93 1728 186 1760 nec
221 1728 332 1760 mea
366 1728 499 1760 nunc
533 1711 702 1775 primis
737 1721 1008 1776 augescunt
1042 1721 1267 1775 tempora
1301 1711 1446 1760 vittis.

3 1841 8 1846 ,
93 1792 184 1842 scit
220 1792 458 1842 Dircaeus
493 1810 606 1856 ager
640 1810 820 1856 meque
855 1793 982 1842 inter
1015 1793 1175 1856 prisca
1208 1802 1469 1856 parentum

94 1873 298 1922 nomina
330 1890 545 1937 cumque
580 1891 670 1923 suo
706 1883 967 1923 numerant
1000 1873 1288 1936 Amphione
1328 1874 1548 1922 Thebae.

159 1957 228 2003 At
262 1963 331 2014 tu,
368 1971 518 2017 quem
553 1957 700 2019 longe
734 1955 949 2017 primum
985 1963 1150 2018 stupet
1186 1956 1312 2002 Itala
1345 1954 1495 2003 virtus

95 2035 354 2098 Graiaque,
393 2035 474 2083 cui
507 2035 733 2099 geminae
767 2037 944 2084 florent
978 2045 1246 2098 vatumque
1281 2036 1567 2099 ducumque
1706 2056 1754 2098 15

93 2116 315 2166 certatim
349 2118 513 2165 laurus
551 2116 690 2176 (olim
726 2119 863 2166 dolet
896 2119 1047 2166 altera
1080 2115 1247 2181 vinci),

94 2199 159 2247 da
193 2197 388 2246 veniam
423 2214 482 2246 ac
517 2197 766 2260 trepidum
802 2208 968 2261 patere
1004 2200 1101 2247 hoc
1136 2199 1313 2246 sudare
1342 2213 1604 2261 parumper

94 2280 308 2342 pulvere.
378 2287 428 2327 te
462 2280 612 2342 longo
647 2280 863 2328 necdum
899 2280 1085 2328 fidente
1119 2287 1291 2342 paratu

19 2403 24 2406 .
95 2359 325 2408 molimur
359 2376 666 2423 magnusque
701 2359 791 2409 tibi
826 2359 1069 2423 praeludit
1103 2359 1338 2408 Achilles.

161 2441 383 2489 Solverat
417 2440 629 2489 Oebalio
664 2443 872 2490 classem
908 2443 972 2490 de
1006 2440 1146 2489 litore
1180 2449 1347 2503 pastor
1624 2436 1627 2437 ⁷
1703 2461 1757 2489 20

97 2517 360 2570 Dardanus
394 2521 615 2570 incautas
651 2522 834 2571 blande
870 2524 1133 2585 populatus
1169 2522 1401 2584 Amyclas

94 2603 340 2666 plenaque
375 2602 583 2651 materni
617 2604 829 2652 referens
865 2602 1115 2666 praesagia
1150 2602 1312 2651 somni

149 2742 175 2779 3
207 2730 336 2769 multa
348 2730 552 2769 Mueller:
582 2730 759 2770 multum
779 2745 827 2770 ex
844 2731 974 2770 multa
996 2731 1062 2781 Q:
1090 2730 1266 2770 multum
1287 2735 1367 2770 cett.
1585 2730 1612 2768 8
1640 2736 1757 2771 vete-

97 2797 185 2824 rem
204 2783 271 2823 P:
299 2793 471 2824 veteres
497 2784 566 2822 Εω
693 2798 720 2834 9
748 2786 801 2823 da
821 2786 921 2823 mihi
942 2786 1039 2824 seve
1060 2786 1349 2825 novos-fontes
1378 2785 1419 2823 E
1550 2795 1600 2824 10
1628 2786 1753 2836 pulso

96 2852 181 2879 om.
201 2837 244 2876 P
406 2851 452 2877 11
482 2839 702 2878 albescunt
731 2838 842 2879 codd.
865 2839 958 2880 dett.
1111 2852 1160 2888 13
1189 2846 1415 2878 numerant
1433 2844 1507 2878 tuo
1527 2841 1756 2889 amphione

9 2918 11 2921 v
97 2891 159 2931 E:
175 2893 279 2942 sort.
309 2905 541 2932 numerans
562 2923 572 2932 .
597 2922 608 2933 .
637 2923 646 2933 .
672 2893 817 2932 Thebe
1012 2905 1060 2942 15
1090 2895 1323 2944 ducemque
1350 2893 1393 2933 P
1583 2905 1630 2943 17
1660 2908 1755 2935 sua-

47 2969 49 2971 ·
100 2948 201 2985 dere
229 2946 270 2984 P
460 2949 510 2986 18
536 2948 724 2986 nondum
754 2947 795 2986 E
954 2961 1007 2987 20
1034 2949 1171 2987 eualio
1191 2949 1233 2987 E

151 3014 266 3042 STAT.
287 3013 392 3042 Aen.
1592 3002 1645 3040 23
