1884 3204
658 602 875 650 LIBER
911 602 1231 652 DECIMVS

183 748 391 797 OBvaT
427 749 675 813 Hesperia
711 751 973 800 Phoebum
1009 768 1109 800 nox
1143 750 1314 801 umida
1349 760 1504 815 porta,

182 828 399 893 imperiis
433 839 694 894 properata
730 830 863 879 Iovis
900 848 993 880 nec
1029 840 1187 881 castra
1222 834 1484 896 Pelasgum

180 918 267 958 aut
302 910 475 973 Tyrias
511 910 788 960 miserantis
824 927 945 975 opes
981 920 1030 961 et
1066 912 1202 962 triste
1237 921 1311 962 tot
1346 923 1480 962 extra

180 990 379 1053 agmina
413 1000 514 1039 tam
550 990 819 1040 immeritas
855 993 984 1042 ferro
1019 993 1304 1042 decrescere
1339 993 1512 1058 gentis.

179 1070 413 1133 panditur
447 1071 694 1121 immenso
729 1072 966 1122 deformis
1002 1073 1242 1137 sanguine
1277 1071 1512 1138 campus:

179 1151 279 1201 illic
313 1168 450 1201 arma
485 1162 534 1202 et
569 1170 740 1216 equos,
778 1153 918 1203 ibant
955 1153 1136 1218 quibus
1173 1164 1288 1204 ante
1324 1155 1538 1220 superbi,

179 1234 451 1297 funeraque
487 1235 608 1283 orba
643 1234 771 1299 rogis
807 1237 1132 1299 neglectaque
1168 1237 1393 1285 membra
1427 1238 1724 1301 relinquunt.

179 1323 299 1363 tunc
335 1317 580 1364 inhonora
614 1318 793 1366 cohors
828 1316 1000 1366 laceris
1036 1316 1310 1381 insignibus
1345 1334 1514 1382 aegras

183 1406 447 1445 secernunt
483 1397 629 1457 acies,
668 1407 952 1462 portaeque,
991 1397 1279 1448 ineuntibus
1314 1416 1451 1448 arma

179 1487 418 1542 angustae
453 1479 663 1542 populiS,
702 1481 830 1528 latae
865 1496 1040 1544 cepere
1075 1497 1307 1529 reversos,

178 1575 267 1622 par
300 1560 550 1623 utrimque
585 1561 727 1609 dolor
743 1579 757 1621 3
803 1562 892 1610 sed
929 1562 1050 1610 dant
1086 1561 1268 1611 solacia
1302 1561 1491 1611 Thebis

178 1649 412 1703 quattuor
447 1651 662 1691 errantes
701 1644 935 1691 Danaum
971 1642 1077 1693 sine
1112 1642 1339 1707 praeside
1375 1652 1596 1693 turmae:

179 1737 272 1771 ceu
309 1738 442 1771 mare
477 1739 565 1786 per
600 1722 850 1772 tumidum
886 1723 1066 1773 viduae
1101 1723 1476 1773 moderantibus
1511 1723 1626 1783 alni,

179 1818 302 1866 quas
338 1804 463 1852 deus
499 1813 548 1853 et
584 1800 726 1854 casus
763 1813 1184 1869 tempestatesque
1218 1804 1509 1869 gubernant.

176 1883 295 1933 inde
330 1883 526 1934 animus
562 1885 722 1949 Tyriis
757 1885 857 1935 iam
892 1903 996 1935 non
1032 1903 1121 1935 sua
1155 1895 1325 1947 castra„
1365 1888 1455 1936 sed
1489 1889 1617 1937 ultro

177 1964 410 2015 hostilem
447 1983 639 2016 servare
674 1969 857 2031 fugam,
896 1984 960 2017 ne
996 1969 1122 2016 forte
1159 1969 1400 2031 Mycenas

179 2047 403 2096 contenti
437 2047 641 2098 rediisse
678 2035 879 2112 petant:
928 2050 1014 2098 dat
1049 2058 1234 2099 tessera
1268 2048 1461 2114 signum

178 2128 413 2189 excubiis,
452 2129 745 2194 positaeque
780 2130 912 2180 vices
929 2149 944 2192 3
991 2132 1092 2180 dux
1127 2130 1287 2180 noctis
1324 2139 1531 2194 opertae

176 2218 307 2259 sorte
346 2212 520 2275 Meges
556 2214 787 2276 ultroque
824 2214 1000 2276 Lycus.
1073 2213 1272 2276 iamque
1307 2212 1482 2262 ordine
1517 2212 1651 2262 iusso

175 2307 323 2350 arma,
364 2293 517 2355 dapes
553 2292 820 2358 ignemque
855 2295 1018 2344 ferunt
1035 2311 1050 2355 3
1096 2311 1179 2344 rex
1213 2295 1375 2343 firmat
1411 2293 1603 2344 euntis:

180 2372 434 2422 ‘Victores
474 2375 706 2423 Danaum
744 2374 931 2442 (neque
966 2375 1100 2425 enim
1136 2378 1220 2425 lux
1255 2375 1467 2425 crastina
1501 2377 1660 2440 longe,

178 2470 271 2503 nec
308 2470 437 2517 quae
472 2472 562 2519 pro
599 2456 786 2506 timidis
821 2456 1142 2507 intercessere
1178 2457 1412 2507 tenebrae

232 2596 258 2633 3
279 2583 524 2624 miserantis
535 2585 700 2636 scripsi:
721 2586 950 2626 miseratus
965 2585 1107 2626 codd:
1127 2587 1349 2625 miseratur
1367 2585 1410 2625 A
1430 2585 1567 2626 Barth
1638 2593 1682 2627 et
1705 2587 1821 2628 scri

178 2637 318 2691 (triste
330 2644 411 2690 pro
433 2639 622 2678 adverbzo
637 2640 878 2692 accipiens):
907 2641 984 2680 sed
1000 2641 1108 2690 (set)
1122 2641 1234 2681 codd.
1349 2654 1375 2691 4
1395 2647 1481 2680 tam
1496 2641 1670 2692 scripSi:
1688 2641 1768 2681 iam
1779 2635 1838 2681 P‘

174 2699 217 2732 et
243 2691 312 2732 ωδ
396 2694 568 2733 meritas
587 2693 630 2732 P
776 2708 826 2734 10
855 2696 964 2735 latae
986 2695 1072 2746 QN
1093 2695 1191 2737 Cod.
1216 2694 1334 2744 (Coll.
1340 2696 1356 2747 )
1386 2695 1507 2748 Corp.
1533 2695 1649 2747 (Chr.
1676 2695 1817 2737 Oxou
1826 2707 1837 2743 1⁷

175 2748 275 2787 coni.
299 2746 479 2798 Bentley,
509 2748 796 2789 Drakenborch
828 2750 970 2801 (ettam
997 2750 1180 2790 reversis
1207 2703 1519 2801 Drakenborch)
1690 2761 1738 2800 15
1788 2768 1793 2782 :

176 2814 265 2840 non
286 2801 531 2842 Baehrens:
570 2816 654 2843 non
680 2805 762 2843 iam
783 2803 895 2845 codd.
984 2805 1095 2843 ultra
1111 2804 1268 2855 Menke,
1285 2805 1402 2856 prob.
1426 2804 1685 2845 Kohlmann.
1798 2809 1843 2851 1³,

175 2856 341 2894 redisse
360 2855 404 2893 P
560 2859 610 2896 18
639 2871 722 2908 que
742 2871 823 2899 om.
847 2859 895 2897 N
1018 2871 1069 2909 19
1097 2871 1275 2909 megens
1293 2858 1337 2897 P
1474 2872 1528 2898 20
1557 2858 1711 2911 dapes]
1733 2857 1839 2908 saca]

175 2908 461 2950 Lindcnbruch
569 2912 763 2951 ferumP
777 2928 787 2953 ι
816 2913 912 2952 serit
932 2912 971 2952 S
1041 2918 1176 2953 armat
1195 2912 1238 2951 P
1346 2925 1396 2952 21
1427 2926 1567 2964 neque
1586 2912 1655 2954 P:
1684 2925 1764 2955 nec
1820 2918 1849 2968 ᾖ
