1884 3204
159 27 211 75 P.
252 28 492 78 ΡΑΡΙΝΙ
529 30 734 79 STATI

157 162 342 212 Phasin
376 164 576 225 habent,
613 164 735 215 alios
773 166 950 216 Colchi
983 168 1225 231 generatis
1259 186 1468 220 amores.

156 242 355 306 iamque
391 254 537 293 exuta
569 247 683 309 gelu
719 255 982 310 tepuerunt
1018 248 1178 298 sidera
1213 250 1374 314 longis
1824 306 1830 315 ..

156 324 343 374 solibus
380 335 428 374 et
462 327 605 374 velox
639 326 691 375 in
726 336 859 391 terga
894 329 1157 378 revolvitur
1191 347 1364 379 annus,
1733 354 1756 392 4
1772 359 1781 376 ·

157 405 255 454 iam
291 423 421 455 nova
454 406 712 470 progenies
748 417 1016 472 partusque
1051 410 1103 458 in
1138 419 1255 459 vota
1290 410 1454 471 soluti,

157 496 206 535 et
241 504 344 536 non
380 487 584 550 speratis
619 489 858 537 clamatur
893 491 1112 539 Lemnos
1148 490 1376 540 alumnis.

157 586 251 618 nec
286 586 389 618 non
424 569 530 633 ipsa
566 578 733 618 tamen
769 571 974 620 thalami
1009 572 1318 622 monimenta
1352 576 1537 629 coacti,

160 649 320 699 enitor
353 649 592 714 geminos,
631 652 857 715 duroque
893 647 987 701 sub
1023 653 1220 717 hospite
1256 663 1412 703 mater

156 748 342 780 nornen
378 731 456 779 avi
491 748 678 781 renovo
695 750 709 792 3
755 749 848 780 nec
885 749 1013 795 quae
1048 735 1245 782 fortuna
1280 734 1462 784 relictis
1734 735 1837 801 465?

156 829 304 861 nosse
340 813 500 873 datur,
536 811 635 859 iam
671 813 819 875 plena
854 822 1027 875 quater
1061 813 1404 877 quinquennia
1438 825 1661 880 vergunt,

154 893 196 942 si
231 894 386 941 modo
420 893 520 940 fata
555 891 724 940 sinunt
757 892 978 956 aluitque
1013 903 1181 957 rogata
1216 897 1438 958 Lycaste.

155 976 447 1024 detumuere
481 972 635 1021 animi
670 972 817 1022 maris
853 982 903 1022 et
938 974 1229 1023 clementior
1264 977 1446 1025 Auster

154 1057 264 1104 vela
297 1062 474 1103 vocat:
521 1052 637 1102 ratis
673 1053 781 1117 ipsa
817 1071 1007 1103 moram
1043 1065 1315 1120 portusque
1351 1056 1545 1121 quietos

154 1136 260 1187 odit
295 1145 345 1185 et
379 1134 550 1184 asserti
585 1134 745 1184 tendit
780 1135 1050 1192 retinacula
1085 1136 1200 1185 saxi.
1733 1139 1838 1202 470>

153 1218 271 1267 inde
306 1218 472 1280 fugam
510 1215 726 1279 Minyae,
766 1215 1029 1280 sociosque
1063 1219 1279 1281 appellat
1315 1220 1467 1268 Iason
1837 1213 1839 1215 ¹

154 1302 343 1359 efferus,
383 1315 414 1347 o
449 1297 640 1346 utinam
675 1297 775 1346 iam
811 1306 930 1347 tunc
967 1314 1079 1347 mea
1113 1298 1256 1348 litora
1290 1299 1434 1349 rectis

151 1388 512 1444 praetervectus
546 1378 705 1442 aquis,
741 1378 822 1427 cui
857 1395 960 1428 non
996 1396 1084 1428 sua
1118 1379 1325 1444 pignora
1358 1381 1510 1441 cordi,

151 1479 255 1511 non
290 1460 532 1525 promissa
566 1461 690 1510 fides
707 1478 721 1522 3
768 1452 899 1509 certe
935 1470 1030 1509 stat
1064 1462 1197 1510 fama
1231 1462 1433 1511 remotis

150 1543 414 1606 gentibus:
461 1542 695 1605 aequorei
729 1541 980 1591 redierunt
1013 1544 1193 1592 vellera
1229 1543 1408 1592 Phrixi.
1733 1561 1843 1608 475.

150 1634 204 1673 ut
239 1633 365 1674 stata
399 1625 483 1671 lux
517 1624 692 1686 pelago
727 1632 1090 1686 venturumque
1125 1625 1325 1672 aethera
1360 1624 1512 1673 sensit

150 1702 339 1767 Tiphys
376 1710 425 1750 et
460 1700 658 1749 occidui
693 1701 903 1749 rubuere
938 1700 1121 1750 cubilia
1157 1701 1363 1762 Phoebi,

149 1786 247 1833 heu
282 1783 460 1832 iterum
495 1781 725 1845 gemitus,
759 1780 1036 1844 iterumque
1072 1781 1340 1831 novissima
1374 1799 1473 1831 nox
1509 1792 1612 1833 est:

151 1865 231 1914 vix
264 1872 477 1914 reserata
512 1861 632 1922 dies,
671 1870 720 1910 et
755 1861 854 1910 iam
890 1871 993 1910 rate
1028 1863 1189 1911 celsus
1227 1865 1378 1912 Iason

149 1946 218 1996 ire
254 1945 404 2004 iubet,
443 1943 705 2007 primoque
740 1942 849 1992 ferit
885 1944 987 1992 dux
1021 1944 1223 1993 verbere
1258 1953 1483 2007 pontum.
1656 1932 1669 1945 ⁸
1731 1947 1838 2010 4803'

149 2027 259 2076 illos
296 2044 323 2075 e
359 2024 575 2089 scopulis
613 2033 661 2073 et
697 2041 894 2074 summo
928 2024 1111 2073 vertice
1147 2024 1331 2073 montis
1843 2020 1846 2025 ’

150 2124 356 2172 spumea
391 2105 602 2170 porrecti
638 2104 925 2155 dirimentes
961 2114 1096 2169 terga
1131 2105 1367 2170 profundi

151 2188 497 2254 prosequimur
532 2187 654 2247 visu,
693 2188 856 2236 donec
892 2186 1090 2235 lassavit
1125 2186 1306 2236 hiantis

148 2274 232 2321 lux
266 2272 438 2320 oculos
473 2271 780 2332 longumque
814 2270 933 2331 polo
969 2277 1232 2317 contexere
1267 2267 1371 2317 visa
1405 2277 1479 2318 est
1839 2323 1841 2325 .

147 2369 334 2416 aequor
369 2363 418 2400 et
453 2349 657 2399 extremi
692 2348 868 2413 pressit
903 2350 1027 2398 freta
1062 2349 1281 2413 margine
1317 2349 1454 2398 caeli.
1731 2359 1845 2418 485¹

204 2483 283 2530 462
312 2481 517 2520 clamatur
544 2480 710 2519 lemnos
733 2479 801 2518 P:
839 2477 1004 2518 lemnos
1038 2478 1243 2518 clamatur
1270 2478 1340 2518 N:
1380 2479 1546 2518 lemnos
1578 2478 1816 2520 celebratur
1839 2504 1864 2518 .-

147 2535 356 2586 BDKQS
536 2537 616 2584 463
646 2532 922 2583 monimenta]
957 2546 1043 2572 non
1074 2539 1230 2583 sponte
1259 2533 1306 2571 N
1483 2535 1565 2583 466
1595 2534 1719 2574 datur
1748 2534 1815 2574 P:
1839 2575 1843 2578 ,

149 2591 291 2628 datum
322 2589 390 2628 oeS
515 2594 698 2638 vergunt
724 2588 999 2631 Lachmann:
1034 2593 1218 2636 pergunt
1246 2587 1357 2627 codd.
1552 2601 1633 2638 470
1661 2589 1814 2628 asserti
1840 2610 1842 2624 ς

150 2644 410 2695 (†impositi)
435 2643 506 2683 D:
535 2642 704 2682 adversi
724 2642 792 2681 P:
821 2641 986 2681 adsueti
1009 2641 1287 2696 BQKN[53]
1426 2642 1699 2695 tenditfllss
1716 2643 1816 2682 reti-
1840 2680 1845 2690 J

148 2699 298 2737 nacula
322 2701 423 2750 (ras.
443 2698 534 2748 fere
561 2699 742 2747 quinque
767 2696 1017 2748 litterarum)
1034 2696 1082 2734 N
1224 2697 1301 2745 481
1333 2708 1357 2735 e
1385 2695 1479 2736 N2:
1512 2701 1556 2735 et
1583 2695 1813 2746 PBDQN¹
1841 2711 1842 2714 ¹

151 2751 295 2803 [Ksl]
434 2752 634 2802 scopulos
674 2751 727 2802 Q¹
911 2752 991 2800 483
1034 2755 1184 2789 euntes
1223 2749 1347 2801 codd„
1387 2764 1492 2790 corr.
1533 2763 1661 2792 anon.
1700 2749 1838 2802 apud

143 2804 371 2845 Heinsz'um
1832 2831 1843 2840 ,ι
