1884 3204
32 104 35 111 »
104 85 158 129 P.
198 83 441 131 PAPINI
479 83 685 132 STATI
721 82 1209 133 ACHILLEIDos
1245 67 1464 132 LIBER
1501 84 1526 132 1

205 212 220 259 i
256 211 372 261 felix
406 221 673 276 nosterque
707 212 842 262 redi!
883 210 1030 261 nimis
1065 207 1294 277 improba
1326 225 1516 276 posco:
1550 207 1552 210 ’
1630 205 1636 210 ’

204 292 303 341 iam
332 303 389 342 te
423 286 694 357 sperabunt
729 293 942 342 lacrimis
977 296 1280 358 planctuque
1316 295 1526 342 decorae

105 393 185 435 270
204 376 427 424 Troades
464 375 809 439 optabuntque
845 374 940 424 tuis
976 376 1094 424 dare
1129 376 1258 423 colla
1292 374 1480 423 catenis
1795 422 1813 434 ,,

205 465 254 504 et
288 455 497 520 patriam
532 473 740 521 pensare
775 456 892 505 toris
928 465 1013 505 aut
1048 456 1156 520 ipsa
1189 455 1407 520 placebit
1683 474 1764 516 945
1804 493 1811 509 f

204 537 463 600 Tyndaris,
501 537 691 587 incesta
725 537 1172 587 nimium‘laudata
1207 536 1391 600 rapina.
1665 530 1675 550 ²
1818 523 1819 527 Ἰ

204 628 279 666 ast
315 628 512 682 egomet
537 608 734 682 'primae
770 618 971 683 puerilis
1006 619 1175 667 fabula
1209 619 1385 681 culpae

203 700 438 766 narrabor
471 700 668 749 famulis
703 698 794 749 aut'
823 699 1132 748 dissimulata
1165 694 1347 748 latebo.

105 800 182 841 275
211 780 332 844 quin
366 798 470 844 age,
509 783 609 830 duc
645 781 880 830 comitem
899 798 913 841 3
953 797 1041 829 cur
1075 797 1178 829 non
1214 796 1308 843 ego
1346 777 1527 828 Martia
1562 786 1729 827 tecum
1815 781 1829 837 ‘s

204 861 343 925 signa
377 864 567 911 feram?
610 871 664 910 tu
699 863 866 924 thyrsa
901 878 1052 910 manu
1090 862 1418 924 Baccheaque
1454 875 1654 909 mecum
1686 879 1768 923 950
1798 865 1811 922 J

205 959 355 1003 sacra,
394 944 532 1006 quod
567 942 736 991 infelix
770 959 874 991 non
910 943 1078 991 credet
1113 941 1276 1002 Troia,
1315 940 1483 990 tulisti.
1787 934 1788 937 Ἴ

204 1034 424 1075 attamen
459 1025 607 1084 hunc,
647 1041 797 1088 quem
833 1033 1022 1073 maesta
1057 1023 1179 1072 mihi
1214 1022 1396 1072 solacia
1429 1022 1626 1085 linquis,
1654 1019 1661 1024 ’

204 1109 341 1155 hunc
376 1109 551 1156 saltem
586 1106 681 1155 sub
715 1107 866 1155 corde
902 1114 1017 1154 tene
1052 1114 1102 1155 et
1136 1106 1359 1154 concede
1394 1102 1616 1167 precanti

106 1197 187 1236 280
205 1190 303 1237 hoc
339 1190 516 1248 solum,
555 1187 710 1252 pariat
745 1205 809 1236 ne
845 1186 968 1251 quid
1003 1185 1094 1236 tibi
1129 1187 1337 1236 barbara
1369 1184 1605 1245 coniunx,
1835 1239 1840 1250 Ἴ,

205 1287 269 1319 ne
305 1286 405 1333 qua
439 1271 526 1319 det
558 1269 791 1333 indignos
827 1267 1032 1317 Thetidi
1067 1267 1260 1331 captiva
1294 1267 1534 1329 nepotes.'
1667 1275 1769 1328 “955
1824 1284 1836 1328 χ1

206 1351 322 1400 talia
356 1351 609 1401 dicentem
646 1367 748 1399 non
784 1350 891 1414 ipse
925 1349 1164 1399 immotus
1199 1348 1419 1397 Achilles

178 1437 392 1484 ¹solatur
426 1434 654 1497 iuratque
690 1435 843 1483 fidem
879 1432 1136 1496 iurataque
1170 1433 1291 1480 fletu

206 1517 423 1580 spondet
458 1525 507 1566 et
541 1515 754 1580 ingentis
789 1516 998 1563 famulas
1034 1523 1336 1578 captumque
1371 1528 1591 1561 reversus

108 1609 185 1658 285
210 1598 341 1647 Ilion
375 1607 426 1647 et
462 1597 702 1662 Phrygiae
736 1595 980 1661 promittit
1016 1612 1222 1645 munera
1256 1611 1416 1659 gazae.
1842 1657 1846 1660 ῃ

205 1675 350 1725 inrita
384 1685 620 1726 ventosae
655 1675 914 1738 rapiebant
947 1674 1098 1723 verba
1132 1675 1391 1738 procellae.
1689 1676 1774 1732 960
1822 1694 1849 1723 τ
1879 1672 1881 1674 ’

159 1841 238 1878 947
279 1831 451 1877 egomet
487 1831 524 1865 11
563 1824 725 1865 Monac.
771 1834 900 1874 14557
921 1837 931 1863 :
988 1836 1069 1874 ego
1107 1829 1151 1862 et
1193 1823 1232 1874 Q
1252 1838 1260 1862 :
1320 1791 1418 1873 egdn
1440 1827 1486 1861 et
1525 1827 1593 1873 pr.
1636 1835 1695 1861 m.
1729 1820 1777 1860 K

105 1896 186 1933 949
214 1889 354 1922 tecum
374 1881 415 1920 E
428 1895 437 1920 ε
467 1892 631 1920 mecum
640 1879 811 1931 falsoE
825 1878 966 1918 tribuit
982 1877 1160 1918 Schenkl
1282 1889 1365 1927 950
1384 1877 1533 1926 thyrsa
1546 1875 1612 1915 P:
1642 1888 1774 1926 pensa
1845 1918 1848 1923 ¹

103 1939 172 1977 Εω
299 1948 383 1988 959
410 1948 540 1986 gazae
558 1934 651 1974 Eoe:
680 1947 850 1985 pugnae
869 1932 1047 1986 (cassse
1065 1932 1109 1971 in
1131 1945 1265 1984 mag.
1282 1938 1348 1984 pr.
1373 1932 1451 1984 m.)
1476 1930 1519 1969 P
