1884 3204
994 61 1404 110 THEBAIDOS
1442 61 1656 108 LIBER
1691 58 1741 106 V

91 203 275 269 pendet
308 209 357 251 et
389 206 593 263 arquato
627 196 725 246 iam
761 197 858 245 iarn
893 211 1047 259 prope
1082 195 1242 244 sidera
1276 196 1424 243 dorso

90 282 337 347 frangitur,
373 279 586 329 incertae
621 294 714 326 nec
748 276 845 324 iam
880 275 1012 338 prior
1044 275 1258 338 impetus
1292 276 1421 332 alno,
1660 288 1738 333 370

10 350 11 355 ¹
74 346 180 414 'sed
213 361 344 410 labat
377 367 647 408 exstantem
683 356 847 406 rostris
884 357 1036 404 modo
1071 355 1257 418 gurgite
1292 354 1342 402 in
1379 354 1494 412 imo,

90 458 223 493 nunc
257 441 393 490 caelo
427 438 632 488 Tritona
665 439 838 486 ferens.
909 452 1003 485 nec
1037 437 1214 484 robora
1247 443 1453 498 prosunt

33 531 62 562 Ὤ
90 522 361 575 semideum
396 521 616 578 heroum,
653 533 972 581 puppemque
1006 516 1179 564 insana
1213 517 1423 579 flagellat

69 603 232 665 *arbor
265 610 314 651 et
347 598 562 649 instabili
596 598 926 662 procumbens
962 598 1182 660 pondere
1217 606 1387 645 curvas

68 710 74 716 ι
84 690 245 747 raptat
277 697 443 743 aquas,
481 678 701 742 remique
737 679 920 727 cadunt
955 677 1007 725 in
1042 686 1214 740 pectus
1250 676 1434 724 inanes.
1655 691 1732 735 375

47 791 53 795 -
88 755 179 813 nos
214 777 412 825 quoque
447 776 534 823 per
568 776 712 823 rupes
748 774 1100 821 murorumque
1134 774 1308 820 aggere
1341 757 1406 805 ab
1442 755 1597 816 omni,

70 831 207 909 ‚dum
241 842 380 891 labor
413 841 494 890 ille
529 841 640 889 viris
675 843 895 903 fretaque
930 839 1247 902 indignantur
1280 847 1328 887 et
1364 841 1586 896 Austros,

87 924 296 987 desuper
330 922 555 971 invalidis
590 921 831 970 fluitantia
866 923 962 969 tela
996 919 1187 969 lacertis

85 1002 229 1070 (quid
263 1020 366 1052 non
399 1020 519 1052 ausa
553 1019 727 1052 manus
747 1001 788 1063 Ρ)
824 1003 1098 1051 Telamona
1133 1010 1182 1049 et
1217 1001 1365 1049 Pelea
1399 1007 1570 1048 contra
1654 1024 1672 1044 ι

66 1084 370 1149 spargimuS,
408 1094 456 1133 et
491 1093 659 1132 nostro
694 1082 875 1147 petitur
909 1082 1195 1145 Tirynthius
1230 1098 1360 1130 arcu.
1659 1087 1739 1138 380

87 1164 156 1214 illi
191 1163 396 1229 (quippe
431 1164 577 1213 simul
613 1165 744 1213 bello
779 1165 1053 1227 pelagoque
1088 1162 1333 1227 laborant)

85 1261 196 1310 pars
230 1244 399 1307 clipeis
435 1244 626 1293 munire
661 1254 832 1303 ratem,
867 1260 977 1306 pars
1011 1259 1227 1305 aequora
1260 1244 1417 1291 fundo

86 1342 278 1390 egerere
295 1343 309 1386 3
347 1334 422 1373 ast
454 1324 536 1372 alii
570 1333 804 1388 pugnant,
843 1325 931 1372 sed
965 1322 1139 1371 inertia
1173 1332 1312 1371 motu

87 1421 302 1469 corpora,
339 1422 705 1468 suspensaeque
739 1413 905 1453 carent
941 1402 1203 1451 conamine
1236 1402 1374 1451 vireS.

86 1485 323 1535 instamus
357 1485 487 1534 iactu
523 1487 746 1545 telorum,
785 1493 833 1533 et
866 1486 1021 1532 ferrea
1054 1482 1236 1531 nimbis
1657 1491 1734 1544 385

87 1574 237 1616 certat
271 1565 443 1626 hiems,
481 1575 744 1628 vastaeque
780 1565 928 1613 sudes
962 1563 1199 1626 fractique
1235 1564 1444 1612 molares
1491 1570 1494 1573 '

86 1646 370 1710 spiculaque
406 1656 454 1695 et
490 1648 643 1695 multa
678 1645 907 1695 crinitum
943 1644 1126 1694 missile
1162 1646 1363 1692 flamma

86 1744 219 1776 nunc
252 1729 444 1791 pelago,
479 1744 612 1777 nunc
647 1744 814 1790 puppe
849 1728 1050 1787 cadunt,
1086 1727 1170 1774 dat
1206 1734 1376 1789 operta
1410 1726 1650 1788 fragorem

86 1807 244 1870 pinus,
282 1817 331 1856 et
364 1807 608 1857 abiunctis
642 1816 899 1870 regemunt
933 1807 1152 1855 tabulata
1186 1805 1419 1855 cavernis.

28 1890 32 1894 ’
86 1887 196 1937 talis
233 1889 557 1952 Hyperborea
591 1888 757 1937 viridis
793 1887 906 1936 nive
939 1888 1162 1936 verberat
1196 1904 1338 1950 agros
1656 1906 1736 1948 390

87 1968 309 2033 Iuppiter
325 1988 338 2030 ς
386 1969 606 2018 obruitur
641 1968 827 2032 campis
863 1986 1017 2032 genus
1054 1985 1202 2017 omne
1238 1970 1463 2027 ferarum,

87 2051 456 2113 deprensaeque
491 2052 676 2099 cadunt
711 2052 947 2109 volucres,
986 2059 1034 2098 et
1069 2049 1241 2098 messis
1276 2067 1443 2098 amaro

88 2139 236 2180 strata
269 2133 397 2193 gelu,
431 2133 589 2193 fragor
623 2130 740 2179 inde
775 2130 912 2194 iugis,
950 2130 1068 2179 inde
1102 2130 1332 2180 amnibus
1367 2130 1478 2180 irae.

89 2220 143 2260 ut
176 2228 291 2260 vero
327 2211 452 2260 elisit
487 2212 644 2260 nubes
682 2213 802 2260 Iove
836 2221 991 2260 tortus
1025 2212 1089 2260 ab
1125 2214 1224 2261 alto

88 2291 213 2354 ignis
249 2301 298 2340 et
332 2291 555 2355 ingentes
589 2302 790 2355 patuere
825 2292 876 2340 in
910 2293 1116 2341 fulmine
1152 2302 1345 2352 nautae,
1660 2311 1736 2354 395

86 2371 328 2436 diriguere
362 2372 528 2432 animi,
566 2372 894 2436 manibusque
929 2375 1127 2422 horrore
1163 2373 1376 2422 remissis

52 2464 221 2511 varma
254 2452 413 2502 aliena
449 2455 646 2512 cadunt,
686 2453 829 2503 rediit
863 2454 914 2502 in
950 2464 1150 2517 pectora
1185 2472 1340 2504 sexus.

38 2597 41 2599 Β
84 2532 329 2582 cernimus
364 2533 608 2583 Aeacidas
644 2534 893 2597 murisque
928 2534 1144 2584 immane
1180 2536 1451 2584 minantem

137 2656 220 2704 369
246 2660 420 2703 arquato
450 2655 531 2693 ΡΒ
563 2669 728 2706 marg:
768 2662 902 2696 artato
933 2656 1006 2696 A:
1049 2664 1228 2707 aequato
1262 2662 1347 2697 cett.
1546 2671 1628 2709 370
1657 2673 1736 2699 nec

84 2707 166 2748 ia'm
186 2707 271 2746 ΡΝ
281 2723 292 2748 :
325 2709 407 2747 iam
428 2722 507 2747 nec
528 2709 790 2762 BDQKSQ
983 2723 1063 2761 374
1092 2719 1266 2761 pectore
1287 2715 1439 2763 (marg.
1463 2713 1675 2763 pondere)
1699 2713 1741 2752 P

81 2774 160 2813 377
191 2762 242 2800 ab
261 2764 416 2801 austris
435 2763 478 2801 A
628 2767 705 2812 381
735 2765 990 2816 interpunxit
1003 2766 1169 2818 Bentley
1319 2779 1399 2816 395
1429 2767 1605 2805 fulmine
1625 2767 1706 2806 ΡΒ
1726 2783 1735 2806 :

83 2817 254 2856 flumine
269 2816 352 2854 ΚΑ
369 2831 379 2856 :
406 2817 565 2856 lumine
579 2817 941 2870 NQS(†fu1mine
954 2826 1160 2870 suprascr.
1177 2820 1235 2871 S)
1259 2821 1504 2871 ‘splendore
1524 2821 1708 2860 fulminis
1724 2823 1734 2844 ·'

81 2870 200 2964 ειέἔιοῐ.
226 2870 264 2920 Q
311 2923 348 2964 S
454 2874 535 2921 396
561 2873 728 2911 diruere
756 2874 818 2925 <ig
841 2878 933 2924 sup.
961 2886 1008 2912 ru
1037 2874 1153 2927 add.)
1174 2875 1220 2914 N
1405 2888 1483 2926 397
1513 2876 1640 2915 rediit
1666 2876 1736 2914 P:

83 2936 105 2963 ι·
161 2931 261 2964 eunt
280 2939 310 2963 ω
