1884 3204
80 72 133 120 P.
172 70 418 121 PAPINI
461 45 668 122 STAT1

78 210 333 273 culpatum
367 205 615 274 relegebat
649 209 752 271 iter,
791 228 890 277 qua
924 212 1127 263 condita
1155 222 1313 277 ponto

79 290 311 339 fluctibus
345 290 514 340 invisis
549 291 648 340 iam
685 292 859 343 Nereis
893 292 1102 358 imperat
1138 296 1322 344 Helle:
1809 355 1811 358 ¹

80 387 196 420 cum
231 371 406 421 Thetis
444 373 794 423 Idaeos—heu
828 391 1103 438 numquam
1138 392 1266 425 vana
1300 364 1560 439 parentum
1695 394 1746 437 25
1827 375 1835 425 Γ

81 451 283 516 auguria
301 453 577 518 !-—expavit
611 454 766 505 vitreo
802 456 895 505 sub
930 455 1120 520 gurgite
1154 473 1333 506 remos.

81 549 175 583 nec
210 550 362 595 mora,
401 543 450 584 et
484 536 692 585 undosis
727 537 871 586 turba
905 536 1175 587 comitante
1210 526 1434 591 sororum

81 614 306 678 prosiluit
341 616 600 666 thalamis:
645 619 835 667 fervent
870 618 1102 667 coeuntia
1137 618 1305 668 Phrixi

81 695 224 745 litora
258 705 307 746 et
341 706 607 761 angustum
643 698 872 748 dominas
907 715 1012 749 non
1046 699 1258 763 explicat
1291 716 1491 764 aequor.

146 778 246 826 Illa
281 777 369 826 ubi
404 778 629 827 discusso
663 778 878 843 primum
915 778 1048 828 subit
1081 783 1195 829 aera
1229 790 1401 844 ponto,
1702 799 1754 841 30
1828 787 1830 789 ’

84 862 96 884 ‘
115 859 204 907 Me
239 857 362 922 petit
397 860 535 918 haec,
573 858 697 907 mihi
730 859 931 908 classis'
970 859 1038 908 ait
1077 861 1300 910 ‘funesta
1333 861 1562 923 minatur,

84 955 302 1003 agnosco
337 939 557 988 monitus
593 948 642 989 et
678 942 856 990 Protea
890 957 1005 990 vera
1038 942 1275 992 locutum.

85 1037 203 1070 ecce
238 1036 420 1069 novam
457 1020 655 1070 Priamo
690 1020 882 1070 facibus
917 1023 982 1071 de
1017 1038 1185 1086 puppe
1219 1021 1391 1072 levatis

86 1103 178 1151 fert
215 1102 424 1151 Bellona
457 1118 671 1152 nurum:
718 1102 866 1152 video
901 1102 1000 1152 iam
1037 1103 1171 1153 mille
1206 1103 1383 1154 carinis

88 1181 289 1232 Ionium
325 1184 683 1247 Aegaeumque
717 1182 910 1248 premi3
956 1200 1050 1234 nec
1085 1184 1276 1246 sufficit,
1315 1185 1478 1235 omnis
1707 1204 1758 1247 35
1819 1184 1827 1192 “

87 1263 226 1326 quod
260 1263 405 1326 plaga
442 1262 780 1326 Graiugenum
816 1262 1020 1313 tumidis
1056 1264 1280 1314 coniurat
1315 1264 1531 1316 Atridis:
1570 1276 1575 1280 '

85 1342 187 1392 iam
223 1345 401 1408 pelago
437 1343 675 1408 terrisque
711 1362 852 1395 meus
888 1354 1150 1409 quaeretur
1183 1346 1422 1408 Achilles,

89 1433 139 1475 et
173 1426 307 1474 volet
341 1424 447 1489 ipse
483 1425 638 1489 sequi.
710 1425 833 1489 quid
869 1425 1003 1476 enim
1038 1427 1287 1477 cunabula
1318 1444 1470 1492 parvo

91 1501 266 1552 Pelion
301 1511 351 1551 et
385 1502 511 1552 torvi
546 1503 888 1553 commisimus
924 1513 1064 1553 antra
1100 1505 1353 1569 magistri?

89 1583 205 1646 illic,
240 1583 293 1632 ni
327 1585 480 1645 fallor,
521 1584 842 1648 Lapitharum
878 1585 1064 1650 proelia
1097 1586 1225 1636 ludit
1709 1607 1767 1650 40·
1823 1588 1826 1597 '

91 1664 348 1729 improbus
373 1674 422 1714 et
446 1665 602 1730 patria
637 1666 736 1715 iam
772 1683 825 1716 se
860 1666 1060 1716 metitur
1094 1666 1146 1716 in
1181 1669 1336 1718 hasta.

93 1763 124 1796 o
160 1747 315 1807 dolor,
355 1763 386 1795 ο
422 1746 516 1796 seri
551 1755 777 1797 materno
811 1747 863 1796 in
899 1749 1050 1798 corde
1085 1748 1316 1799 timores!

94 1844 197 1878 non
232 1827 371 1892 potui
408 1827 590 1889 infelix,
629 1845 746 1878 cum
780 1828 995 1893 primum
1030 1829 1219 1894 gurgite
1259 1840 1430 1883 nostro

96 1910 356 1959 Rhoeteae
392 1909 616 1960 cecidere
652 1909 831 1971 trabes,
867 1912 1092 1960 attollere
1127 1928 1364 1975 magnum
1826 1955 1847 1984 4

95 2007 282 2055 aequor
317 1999 366 2039 et
402 1989 577 2040 incesti
612 1990 878 2056 praedonis
914 1994 1023 2041 vela
1057 1993 1306 2057 profunda
1511 1983 1513 1985 ¹
1713 2008 1768 2059 45
1833 2006 1836 2014 ’

96 2080 391 2136 tempestate
426 2071 569 2136 sequi
602 2081 909 2138 cunctasque
943 2072 1120 2123 inferre
1156 2076 1384 2124 sorores?

98 2171 233 2204 nunc
269 2171 553 2219 quoque—,
592 2156 683 2204 sed
718 2156 928 2216 tardum,
967 2154 1066 2204 iam
1102 2158 1251 2220 plena
1284 2155 1460 2206 iniuria
1495 2165 1677 2222 raptae.

97 2236 183 2287 ibo
219 2245 386 2285 tamen
421 2235 683 2300 pelagique
717 2237 840 2286 deos
875 2238 1199 2302 dextramque
1233 2237 1454 2299 secundi,

100 2319 237 2382 quod
274 2326 509 2382 superest,
549 2319 809 2381 complexa
845 2317 978 2368 Iovis
1014 2335 1102 2382 per
1136 2321 1357 2383 Tethyos
1392 2336 1552 2370 annos
1818 2358 1823 2366 ,

99 2399 538 2462 grandaevumque
572 2407 764 2462 patrem
801 2401 1009 2463 supplex
1046 2399 1327 2450 miseranda
1361 2402 1547 2466 rogabo
1715 2420 1772 2464 50
1801 2412 1831 2448 .’
1875 2409 1879 2413 ’

103 2496 255 2528 unam
290 2478 539 2530 hiemem?
597 2479 720 2529 dixit
755 2496 1093 2544 magnumque
1127 2480 1179 2530 in
1215 2490 1439 2546 ternpore
1473 2498 1639 2547 regem

103 2559 327 2625 adspicit.
402 2561 609 2611 Oceano
644 2560 877 2611 veniebat
911 2562 975 2611 ab
1013 2562 1223 2626 hospite,
1261 2562 1446 2613 mensis
1623 2558 1626 2561 ”

157 2700 211 2739 25
240 2689 352 2729 idaei
751 2702 807 2740 30
836 2690 906 2730 illa
941 2690 1011 2730 ubi
1045 2692 1240 2732 discusso
1268 2690 1364 2732 Em:
1404 2691 1477 2732 illa
1511 2691 1705 2733 discusso
1733 2690 1778 2732 P
1795 2694 1818 2718 '⁷‘

106 2743 239 2795 subit]
272 2744 381 2794 petit
407 2743 460 2782 E·
674 2757 730 2794 40
758 2745 803 2784 ni
830 2746 932 2785 Em:
977 2746 1037 2785 nil
1065 2746 1108 2786 P
1320 2759 1372 2797 47
1403 2746 1513 2786 tardi
1545 2752 1612 2786 est
1644 2747 1702 2798 pl.
1732 2743 1776 2787 Ε
1818 2760 1822 2784 ῑ

107 2799 420 2904 ἓὲἕέξῖιςηὲειῐη
438 2797 481 2838 E
652 2812 708 2850 49
736 2812 887 2840 amnes
915 2799 958 2840 E
1127 2812 1178 2851 51
1210 2813 1356 2852 regem
1384 2800 1490 2841 Εωε
1519 2814 1622 2852 rege
1651 2801 1772 2856 (olim,
1809 2806 1825 2859 ι’
