1884 3204
997 48 1410 97 THEBAIDOS
1450 50 1663 98 LIBER
1708 51 1755 96 V

108 204 303 240 cernere
337 194 450 247 erat,
487 184 763 249 iugulisque
798 185 951 233 modo
987 184 1212 233 torrentis
1246 185 1425 247 apertis

105 267 339 332 sanguine
372 264 611 329 permixto
646 266 935 314 redeuntem
969 263 1021 312 in
1055 266 1234 327 pocula
1269 267 1536 314 Bacchum.

75 330 79 339 .
105 347 186 398 hic
219 347 450 396 iuvenum
486 361 660 393 manus
695 354 744 393 et
778 343 924 392 nullis
959 343 1202 392 violabilis
1236 345 1384 393 armis

103 429 246 478 turba
279 442 434 485 senes,
470 424 715 488 positique
748 433 942 488 patrum
979 440 1125 487 super
1159 441 1243 473 ora
1276 435 1560 488 gementum

32 514 34 517 ’
105 506 374 558 semineces
408 504 546 569 pueri
581 504 794 568 trepidas
830 504 882 552 in
916 503 1086 552 limine
1121 503 1249 553 vitae
1676 513 1755 554 260

67 644 71 647 ,
103 586 368 651 singultant
401 585 603 634 animas.
675 583 836 648 gelida
870 600 973 632 non
1009 583 1199 632 saevius
1237 585 1363 634 Ossa

102 666 343 717 luxuriant
377 665 694 729 Lapitharum
733 666 921 728 epulae,
959 663 999 712 si
1035 666 1237 727 quando
1271 667 1519 727 profundo

98 739 394 811 'Nubigenae
428 748 621 795 caluere
656 761 823 806 meroj,
862 744 941 793 vix
974 744 1160 808 primus
1194 745 1259 793 ab
1294 745 1363 794 ira

82 829 266 893 pallor,
305 836 354 876 et
387 825 609 890 impulsis
645 834 849 888 surgunt
881 826 947 874 ad
981 824 1166 888 proelia
1201 825 1398 874 mensis.

101 917 219 958 tunc
253 907 466 972 primum
502 924 609 956 sese
645 906 846 970 trepidis
883 906 976 955 sub
1012 915 1159 956 nocte
1195 908 1465 970 Thyoneus
1672 915 1750 968 265

99 988 295 1048 detexit,
333 997 450 1037 nato
486 997 686 1052 portans
722 997 937 1036 extrema
971 986 1190 1036 Thoanti

100 1069 331 1130 subsidia,
370 1078 419 1118 et
455 1071 609 1117 multa
643 1067 834 1117 subitus
871 1084 986 1116 cum
1022 1069 1132 1116 luce
1167 1067 1366 1116 refulsit.

97 1149 303 1215 agnovi:
351 1166 454 1198 non
488 1149 569 1198 ille
605 1149 808 1212 quidem
844 1148 1087 1212 turgentia
1121 1148 1259 1197 sertis

97 1241 320 1294 tempora
354 1247 447 1279 nec
482 1231 608 1278 flava
641 1228 827 1278 crinem
863 1228 1183 1278 destrinxerat
1218 1246 1340 1277 uva:

96 1310 294 1360 nubilus
329 1310 687 1374 indignumque
723 1309 878 1358 oculis
914 1308 1217 1371 liquentibus
1253 1309 1463 1358 imbrem
1670 1328 1752 1372 270

97 1391 408 1454 adloquitur:
461 1394 487 1417 “
507 1393 642 1439 Dum
678 1391 778 1438 fata
813 1390 999 1438 dabant
1033 1388 1136 1448 tibi,
1175 1398 1303 1449 nate,
1342 1398 1598 1453 potentem

97 1474 323 1522 Lemnon
357 1481 407 1521 et
441 1471 650 1520 externis
686 1469 834 1519 etiam
870 1485 1059 1518 servare
1094 1469 1368 1518 timendam

93 1552 335 1617 gentibus,
371 1553 507 1601 haud
542 1567 779 1614 umquam
814 1549 944 1599 iusto
981 1567 1092 1599 mea
1126 1567 1243 1599 cura
1277 1551 1433 1600 labori

93 1632 307 1683 destitit:
359 1632 675 1681 absciderunt
710 1630 868 1679 tristes
904 1630 1122 1680 crudelia
1157 1633 1338 1680 Parcae

96 1713 321 1774 stamina,
359 1730 453 1762 nec
489 1712 633 1762 dictis
670 1714 876 1775 supplex
910 1728 1038 1775 quae
1073 1711 1283 1775 plurima
1318 1712 1424 1761 fudi
1671 1733 1748 1776 275

91 1803 206 1844 ante
242 1797 414 1843 Iovem
450 1796 624 1842 frustra
657 1792 970 1856 lacrimisque
1004 1801 1221 1841 avertere
1256 1795 1417 1842 luctus

11 1873 15 1877 ¹
92 1875 331 1939 contigit3
378 1875 637 1924 infandum
671 1883 816 1922 natae
851 1873 1096 1922 concessit
1131 1876 1385 1922 honorem.

91 1958 359 2005 accelerate
393 1957 572 2019 fugam,
610 1964 777 2017 tuque,
815 1971 846 2003 o
882 1971 993 2002 mea
1028 1954 1176 2017 digna
1209 1971 1441 2018 propago,

92 2038 185 2085 hac
219 2053 344 2099 rege,
382 2035 529 2099 virgo,
568 2044 770 2098 patrem,
807 2034 990 2098 gemini
1025 2051 1123 2098 qua
1158 2034 1388 2084 bracchia
1424 2036 1550 2084 muri

92 2117 207 2166 litus
243 2126 392 2166 eunt:
440 2116 534 2176 illa,
574 2133 672 2179 qua
706 2132 809 2165 rere
845 2115 1049 2175 silentia,
1088 2125 1230 2179 porta
1668 2129 1746 2168 280

92 2206 186 2246 stat
221 2199 415 2246 funesta
449 2200 619 2245 Venus
655 2198 881 2259 ferroque
916 2195 1139 2245 accincta
1173 2197 1377 2245 furentis

90 2278 317 2328 adiuvat:
366 2279 500 2326 unde
535 2294 723 2336 manus,
763 2264 897 2326 unde
933 2279 1055 2326 haec
1093 2277 1338 2326 Mavortia
1374 2278 1516 2328 divae

88 2361 327 2422 pectora?
374 2368 427 2407 tu
462 2361 562 2407 lato
596 2367 785 2422 patrem
821 2357 1076 2407 committe
1110 2360 1370 2422 profundo.

46 2492 51 2494 Δ
88 2441 353 2488 succedam
388 2439 560 2488 curis.''
628 2439 696 2487 ita
730 2441 857 2488 fatus
893 2439 945 2487 in
979 2442 1092 2488 aera
1126 2457 1289 2489 rursus

14 2579 16 2582 Α
85 2519 287 2568 solvitur
322 2530 370 2568 et
405 2529 641 2579 nostrum,
681 2519 810 2568 visus
845 2519 1125 2569 arcentibus
1161 2520 1361 2581 umbris,
1663 2533 1741 2585 285

138 2640 216 2691 257
245 2642 458 2692 permixto
478 2641 723 2680 Kohlmann
744 2656 754 2681 ε
783 2642 1086 2692 percommixto
1106 2642 1170 2682 P:
1199 2643 1425 2682 commixto
1445 2643 1514 2682 ωδ
1552 2687 1555 2689 ,
1664 2649 1746 2695 269

83 2695 368 2735 destrinxerat
386 2695 466 2734 PB
484 2710 494 2735 ε
523 2696 798 2735 distrinxerat
817 2695 902 2745 QN
914 2710 923 2735 :
961 2696 1213 2736 distinxerat
1232 2697 1318 2736 edd.
1344 2698 1539 2736 nonnulli
1662 2713 1742 2749 274

83 2749 351 2789 absciderant
370 2750 418 2788 N
432 2764 442 2789 :
470 2751 568 2789 absc
572 2752 597 2802 s
599 2750 702 2802 sunt
717 2750 756 2801 Q
774 2764 783 2789 :
805 2750 1025 2789 abscidunt
1040 2751 1081 2789 A
1194 2753 1275 2801 276
1300 2752 1521 2791 advertere
1539 2751 1583 2791 P
1660 2756 1741 2803 278

82 2815 164 2843 om.
192 2803 246 2854 N,
269 2804 366 2844 add.
391 2817 476 2855 mg.
497 2804 552 2843 al.
576 2818 634 2844 m.
759 2810 802 2844 at
831 2805 1000 2844 celerati
1028 2805 1067 2855 Q
1230 2807 1310 2846 280
1338 2818 1432 2844 rere
1454 2807 1521 2846 P:
1555 2819 1648 2846 rara
1674 2809 1743 2848 ωδ

81 2857 160 2907 ⁹85
189 2864 377 2898 nostrum
399 2860 638 2912 (†nostr0s)
661 2858 700 2910 Q
