1884 3204
199 101 254 153 P.
293 101 535 150 ΡΑΡΙΝΙ
573 102 780 151 STATI

199 252 285 286 seu
321 236 472 286 virtus
509 254 702 300 egressa
736 240 964 301 modum,
998 256 1086 290 seu
1120 240 1274 304 gloria
1307 257 1557 305 praecepS‚

197 333 284 366 seu
320 335 529 381 magnae
564 321 680 367 data
713 321 813 369 fata
846 321 971 381 neci,
1010 338 1097 370 seu
1131 324 1260 371 laeta
1294 324 1537 371 malorum
1785 332 1863 382 83⁵

197 397 439 462 principia
474 408 523 447 et
549 400 773 451 ,blandae
809 418 1042 465 superum
1079 402 1368 451 mortalibus
1403 402 1516 451 irae.

266 481 375 527 Iam
412 481 614 528 sordent
649 490 841 530 terrena
875 482 979 532 viro
1016 485 1282 546 taedetque
1317 484 1594 547 profundae

196 560 381 621 caedis,
416 570 465 610 et
500 562 748 612 exhaustis
784 563 903 612 olim
941 564 1245 628 Graiumque
1281 564 1481 627 suisque

197 640 463 690 missilibus
499 644 626 691 lassa
660 644 871 707 respexit
906 644 958 692 in
993 647 1192 694 aethera
1226 646 1410 693 dextra.

193 724 348 772 ardua
383 740 499 772 mox
533 733 674 773 torvo
709 725 908 773 metitur
942 725 1160 774 culmina
1193 725 1314 786 visu,
1779 736 1864 788 840

194 803 582 867 innumerosque
615 806 795 868 gradus
830 805 1028 868 gemina
1062 808 1188 854 latus
1222 807 1397 856 arbore
1433 808 1626 856 clausos

194 881 381 930 aerium
417 881 510 930 sibi
546 891 709 944 portat
743 881 847 941 iter,
885 884 1132 945 longeque
1166 882 1417 932 timendus

195 961 491 1010 multifidam
528 979 764 1025 quercum
802 963 1025 1026 flagranti
1060 963 1248 1012 lumine
1282 964 1473 1026 vibrat;

193 1058 330 1090 arma
364 1042 543 1091 rubent
578 1060 678 1091 una
713 1042 974 1106 clipeoque
1009 1043 1291 1094 incenditur
1324 1044 1464 1108 ignis.
1517 1047 1519 1049 ’

197 1125 368 1172 ‘Hac'
403 1122 471 1172 ait
511 1123 593 1171 ‘in
628 1124 844 1184 Thebas,
885 1126 979 1173 hac
1015 1142 1095 1174 me
1131 1125 1269 1177 iubet
1303 1128 1458 1175 ardua
1491 1126 1643 1177 virtus
1779 1139 1858 1191 845

193 1204 275 1264 ire,
317 1206 598 1253 Menoeceo
634 1222 733 1268 qua
767 1205 955 1254 lubrica
991 1206 1229 1270 sanguine
1264 1207 1422 1256 turris.

193 1286 411 1349 experiar
447 1286 568 1349 quid
604 1303 740 1335 sacra
775 1286 957 1347 iuvent,
994 1304 1059 1336 an
1094 1290 1244 1337 falsus
1280 1290 1494 1351 Apollo!

194 1367 328 1427 dicit,
367 1376 416 1416 et
450 1369 640 1416 alterno
676 1367 871 1431 captiva
906 1368 957 1416 in
994 1368 1192 1418 moenia
1227 1386 1395 1432 gressu

194 1449 344 1512 surgit
380 1466 566 1497 ovans:
616 1449 774 1512 qualis
810 1449 986 1498 mediis
1022 1449 1073 1498 in
1110 1450 1326 1499 nubibus
1361 1453 1531 1501 aether

193 1530 316 1579 vidit
351 1529 572 1589 Aloidas,
612 1547 727 1578 cum
763 1540 1004 1579 cresceret
1039 1530 1193 1594 impia
1227 1533 1371 1580 tellus
1780 1543 1860 1595 850

194 1613 489 1674 despectura
525 1613 646 1659 deos
684 1628 777 1660 nec
813 1613 979 1661 adhuc
1015 1611 1234 1661 immane
1269 1612 1457 1662 veniret

194 1692 368 1741 Pelion
404 1702 453 1741 et
488 1692 735 1755 trepidum
771 1692 870 1740 iam
905 1702 1126 1756 tangeret
1161 1695 1289 1743 Ossa
1323 1697 1620 1744 Tonantem.

260 1776 393 1822 Tum
428 1790 544 1822 vero
578 1773 775 1822 attoniti
808 1775 1020 1839 fatorum
1055 1774 1108 1822 in
1141 1774 1342 1824 cardine
1377 1792 1587 1836 summo,

195 1872 286 1904 ceu
323 1871 553 1918 suprema
588 1857 694 1903 lues
730 1854 840 1904 urbi
876 1855 1168 1919 facibusque
1204 1857 1419 1905 cruentis

191 1945 462 1998 aequatura
497 1937 604 1984 solo
640 1935 782 1984 turris
819 1938 1027 1985 Bellona
1062 1936 1261 1997 subiret,
1781 1950 1863 2001 855.

193 2018 427 2066 omnibus
463 2034 490 2066 e
526 2017 667 2065 tectis
702 2017 925 2066 certatim
960 2017 1179 2081 ingentia
1213 2035 1327 2067 saxa

191 2100 469 2161 roboraque
505 2107 554 2146 et
588 2098 775 2147 validas
810 2100 994 2148 fundae
1031 2099 1246 2148 Balearis
1281 2100 1501 2149 habenas

194 2181 330 2246 (nam
368 2179 539 2228 iaculis
576 2182 814 2243 caeloque
849 2180 981 2244 vagis
1018 2198 1130 2245 spes
1166 2182 1301 2230 unde
1337 2181 1522 2245 sagittis
1541 2181 1598 2248 ?),

193 2279 363 2311 verum
400 2261 531 2310 avidi
567 2270 814 2310 tormenta
849 2271 1012 2311 rotant
1048 2272 1098 2311 et
1133 2262 1349 2312 molibus
1385 2273 1571 2327 urgent.

194 2342 275 2390 ille
311 2359 404 2390 nec
440 2341 641 2405 ingestis
677 2359 771 2391 nec
807 2351 941 2406 terga
976 2343 1300 2406 sequentibus
1337 2361 1575 2407 umquam
1778 2354 1861 2396 860

194 2424 466 2473 detrahitur
500 2424 623 2484 telis,
661 2441 919 2488 vacuoque
955 2426 1049 2474 sub
1084 2429 1196 2475 aere
1231 2428 1457 2490 pendens

247 2555 327 2602 835
360 2553 457 2591 data
487 2553 596 2591 sama
626 2552 714 2592 edd.
883 2558 919 2592 et
947 2566 1074 2593 caeca
1102 2558 1140 2593 et
1166 2555 1278 2593 laeta
1307 2554 1344 2592 L
1511 2556 1593 2604 836
1621 2556 1768 2595 tardae
1802 2558 1865 2597 vel

194 2608 368 2646 claudae
383 2607 656 2658 Lact.legzlsse
669 2608 972 2659 suspicandum
1083 2610 1163 2658 843
1193 2608 1422 2648 fulmineP
1528 2612 1611 2663 845
1640 2610 1772 2650 Haec.
1792 2611 1859 2650 P:

195 2661 317 2714 Halsc
351 2662 415 2711 Q:
459 2663 562 2700 haec
591 2661 633 2699 P
851 2665 929 2713 847
960 2663 1106 2703 iuvant
1137 2664 1203 2713 Q:
1234 2664 1385 2703 iubent
1404 2663 1446 2702 A
1664 2665 1774 2704 fallis
1803 2664 1859 2703 P1

195 2718 420 2767 (suprascr.
443 2716 574 2755 falsus
595 2730 666 2756 rec.
692 2716 772 2770 m.)
794 2716 835 2754 P
996 2718 1077 2767 853
1107 2724 1207 2756 tunc
1227 2717 1318 2756 DN
1476 2719 1558 2768 854
1579 2719 1671 2758 dies
1690 2719 1860 2771 Bentley

195 2771 287 2809 urbi
307 2770 349 2808 Ρ
367 2785 376 2810 :
405 2772 553 2809 urbem
575 2771 643 2810 ωδ
791 2772 870 2822 857
902 2772 1065 2811 validas
1084 2772 1170 2810 ΡΝ
1174 2772 1230 2810 ²A
1239 2771 1279 2810 D
1302 2773 1526 2824 (suprascr.
1550 2773 1743 2822 gravidas
1764 2773 1825 2819 D)
1848 2789 1859 2814 ε

194 2825 390 2874 gravidas
410 2824 639 2874 BKN1QS
761 2827 843 2875 858
872 2828 984 2866 unde
1007 2829 1230 2879 (suprascr.
1253 2827 1386 2878 nulla)
1406 2827 1451 2866 D
1471 2841 1481 2867 :
1509 2840 1593 2866 una
1610 2827 1652 2866 B
1777 2829 1860 2879 859

193 2885 406 2919 tormenta
423 2879 464 2917 P
481 2894 491 2919 :
521 2886 563 2918 et
584 2886 794 2920 tormenta
813 2880 882 2920 ωδ
