1884 3204
135 92 190 147 P.
229 92 471 146 PAPINI
508 92 714 146 STATI
764 113 767 115 ·

134 224 256 292 quin
290 223 514 274 hausisse
548 223 703 288 dapes
737 221 1134 292 insiccatumque
1169 227 1396 272 'cruorem
1451 226 1454 229 ’

135 305 375 356 deiecisse
409 304 561 369 geniS.
633 311 842 353 cunctos
876 301 1118 366 auditque
1151 303 1412 366 refertque,

135 386 222 451 qui
259 385 429 435 Ditem
465 393 515 434 et
551 383 722 433 Furias
758 391 954 433 tantum
989 391 1039 432 et
1074 381 1117 432 si
1151 383 1355 447 quando
1389 389 1642 446 regentem

135 465 423 530 Antigonen
460 463 660 514 maestis
695 463 868 513 solitus
903 465 1099 528 pulsare
1134 462 1360 528 querelis.

135 562 285 596 causa
317 548 450 595 latet.
521 562 626 599 non
659 546 796 594 hunc
829 543 967 608 Tyrii
1000 546 1101 595 fors
1136 560 1371 608 prospera
1403 541 1537 602 belli,

135 635 329 680 tantum
364 617 505 675 bella*
530 625 732 687 iuvant3
776 633 950 693 natum
984 625 1307 689 hortaturque
1340 623 1631 689 probatque,

134 723 230 757 nec
264 706 440 756 vicisse
474 706 624 767 velit3
671 706 761 756 sed
794 704 980 770 primos
1015 704 1296 756 comminus
1331 704 1463 755 ensis

135 796 186 838 et
219 786 416 837 sceleris
450 786 602 836 tacito
635 785 839 835 rimatur
872 786 1064 836 semina
1095 795 1227 836 vot0.

134 868 254 918 inde
288 870 464 932 epulae
498 868 671 916 dulces
704 866 973 930 ignotaque
1006 866 1188 930 gaudia
1219 868 1374 916 vultu.
1433 871 1435 873 ’

137 947 296 1013 qualis
332 955 445 1012 post
479 949 658 1010 longae
693 946 914 995 Phineus
949 945 1134 996 ieiunia
1167 963 1379 1011 poenae,

137 1028 208 1078 nil
243 1027 447 1077 stridere
482 1027 623 1077 domi
656 1027 869 1076 volucris
905 1035 960 1076 ut
995 1026 1148 1077 sensit
1181 1027 1382 1077 abactas

138 1108 378 1175 (necdum
412 1116 518 1158 tota
552 1108 714 1173 fides),
751 1107 918 1157 hilaris
953 1124 1252 1172 mensasque
1285 1116 1520 1172 torosque

138 1206 232 1240 nec
267 1190 463 1239 turbata
497 1188 612 1238 feris
646 1188 872 1238 tractavit
906 1190 1087 1253 pocula
1120 1188 1299 1253 pinnis.

207 1272 387 1322 Cetera
421 1270 684 1320 Graiorum
719 1269 848 1319 curis
882 1269 1132 1334 armisque
1165 1269 1359 1320 iacebat

137 1354 268 1403 fessa
302 1353 481 1401 cohors
507 1369 521 1412 3
557 1352 660 1401 alto
695 1360 967 1401 castrorum
1003 1369 1064 1402 ex
1097 1369 1273 1416 aggere
1307 1352 1550 1402 Adrastus

138 1433 378 1484 laetificos
413 1432 552 1482 tenui
587 1433 819 1497 captabat
853 1434 1005 1483 corde
1039 1435 1295 1494 tumultuS,

141 1511 447 1580 quamquam
483 1530 628 1578 aeger
662 1513 822 1575 seni0‚
856 1515 945 1565 sed
979 1513 1080 1579 agit
1115 1514 1396 1564 miseranda
1430 1522 1651 1579 potestas

140 1595 393 1660 invigilare
428 1594 584 1644 malis.
657 1593 799 1644 illum
832 1611 1006 1645 aereus
1042 1594 1266 1660 undique
1300 1597 1488 1645 clamor
1633 1603 1635 1606 ⁴

141 1676 474 1740 Thebanique
508 1685 658 1726 urunt
693 1676 899 1737 sonituS,
937 1685 987 1726 et
1021 1693 1188 1727 amara
1222 1675 1439 1727 lacessit*

142 1758 279 1819 tibia,
317 1767 425 1807 tum
460 1757 617 1807 nimio
651 1774 800 1808 voces
836 1775 1058 1808 marcore
1092 1759 1336 1823 superbae

142 1840 460 1902 incertaeque
494 1840 628 1888 faces
664 1847 714 1888 et
747 1837 847 1887 iam
884 1841 1013 1889 male
1047 1838 1250 1904 pervigil
1285 1828 1437 1904 ignis.

142 1920 214 1971 sic
248 1919 335 1969 ubi
370 1936 457 1990 per
490 1921 671 1969 fluctus
705 1936 808 1969 uno
842 1919 958 1969 ratis
993 1921 1171 1970 obruta
1204 1936 1384 1970 somno

143 2001 385 2052 conticuit
418 2000 630 2065 pacique
665 2000 812 2050 maris
847 2017 1020 2051 secura
1052 2000 1283 2051 iuventus

146 2083 443 2132 mandavere
477 2081 682 2142 animas,
729 2076 864 2131 solus
900 2090 996 2131 stat
1026 2098 1199 2147 puppe
1233 2081 1464 2147 magister
1499 2115 1501 2117 >
1815 2126 1818 2130 ,

144 2163 348 2230 pervigil
383 2162 719 2227 inscriptaque
754 2153 878 2213 deus
914 2161 1001 2227 qui
1028 2162 1226 2227 navigat
1255 2164 1387 2214 alno.
1732 2179 1824 2231 ²7·

212 2244 436 2306 Tempus
471 2249 588 2301 erat,
625 2240 822 2291 iunctos
857 2257 973 2290 curn
1008 2240 1108 2290 iam
1143 2257 1282 2291 soror
1315 2243 1460 2306 ignea
1494 2237 1688 2293 Phoebi

146 2319 296 2372 sentit
330 2335 487 2382 equos
522 2318 823 2383 penitusque
857 2335 1030 2368 cavam
1066 2320 1160 2369 sub
1195 2320 1307 2369 luce
1340 2327 1510 2385 parata

147 2400 338 2453 Oceani
372 2399 561 2464 mugire
595 2402 818 2461 domum,
856 2417 1065 2464 seseque
1097 2409 1360 2465 vagantem

201 2543 280 2582 251
312 2536 516 2582 quantum
534 2530 628 2570 DN
641 2530 740 2572 Cod.
757 2528 907 2582 Magd.
1070 2541 1153 2580 252
1179 2543 1237 2570 ne
1255 2529 1301 2569 D
1446 2540 1528 2581 253
1554 2529 1732 2572 sceleris
1746 2529 1828 2579 ng
1870 2538 1874 2541 ’

147 2585 357 2627 scelerum
377 2584 447 2624 ωδ
571 2585 749 2625 miratur
765 2583 875 2624 Ellis
964 2624 973 2633 ,
1007 2585 1175 2624 semina
1201 2583 1273 2624 ωδ
1282 2598 1291 2625 ε
1320 2590 1495 2636 pectore
1515 2587 1563 2635 (a
1579 2590 1671 2637 sup.
1693 2598 1720 2625 e
1728 2584 1823 2637 fin

146 2640 229 2693 12²)
257 2640 323 2680 P:
350 2653 408 2679 an
433 2645 609 2690 pectore
638 2641 767 2680 vota?
811 2639 917 2691 (nisi
943 2639 1099 2679 sceleri
1129 2638 1261 2679 tacito
1291 2639 1467 2679 miratur
1491 2645 1666 2690 pectore
1690 2645 1823 2683 votos:

148 2693 304 2742 maw's)
326 2708 337 2734 z
363 2694 552 2734 momina
571 2695 687 2734 Lact.
709 2694 850 2746 legasse
866 2694 1053 2745 suspicor
1210 2705 1291 2744 254
1318 2694 1458 2734 vultus
1475 2693 1524 2733 N
1539 2689 1638 2734 Cad.
1663 2691 1759 2734 Ma
1778 2719 1782 2726 ι
1826 2707 1829 2710 ⁴

146 2749 268 2790 Bodl.
290 2747 393 2788 Can.
419 2760 469 2799 77
622 2749 703 2798 256
727 2747 1006 2799 volucresque
1024 2747 1111 2798 DQ
1219 2747 1286 2801 ut]
1307 2753 1352 2788 et
1367 2747 1453 2799 ΝΩ
1587 2748 1669 2798 263
1694 2747 1830 2791 illum

148 2803 218 2843 ωδ
235 2818 244 2842 :
272 2802 344 2842 ille
363 2802 407 2841 P
593 2804 675 2853 264
703 2809 830 2849 ruunt
848 2802 891 2842 P
1074 2804 1155 2852 265
1183 2807 1281 2842 tunc
1300 2802 1345 2841 P
1525 2802 1607 2853 267
1634 2802 1758 2843 obvia
1773 2798 1829 2842 Ρ,-

148 2858 230 2897 268
257 2857 438 2907 pacique
456 2856 676 2909 Postgate:
702 2857 894 2908 tantique
907 2855 1019 2896 codd.
1039 2871 1050 2897 x
1075 2856 1258 2907 fideique
1269 2856 1423 2907 Imhof
1529 2869 1613 2906 270
1639 2856 1826 2910 scriptas

148 2924 233 2965 que
251 2910 295 2950 P
438 2923 518 2960 272
546 2911 677 2951 sentit
694 2910 764 2952 ωδ
779 2925 789 2951 :
818 2911 954 2952 sensit
970 2910 1014 2950 P
1119 2911 1277 2964 cavas]
1293 2923 1330 2953 s.
1349 2910 1377 2951 l.
1398 2916 1546 2964 parati
1565 2910 1606 2965 Q
1835 2915 1837 2917 ’
