1884 3204
644 510 857 557 LIBER
902 510 1206 558 TERTIVS

26 673 31 677 ·
104 662 182 708 ΑΤ
214 675 315 708 non
350 656 542 706 Aoniae
578 658 858 705 moderator
892 657 1108 719 perfidus
1140 658 1281 705 aulae

61 767 66 769 Δ
103 747 247 789 nocte
282 739 374 787 sub
409 736 625 801 ancipiti,
665 736 888 800 quamvis
926 737 1210 786 umentibus
1246 737 1385 786 astris

102 822 274 883 longus
308 821 373 868 ad
406 821 646 868 Auroram
686 826 881 882 superet
916 819 1069 878 labor,
1107 818 1207 867 otia
1243 818 1405 867 somni

49 911 52 916 '
99 899 309 963 accipit3
358 899 610 963 invigilant
644 898 812 948 animo
848 899 1142 962 scelerisque
1177 898 1331 962 parati

102 979 395 1043 supplicium
432 988 658 1028 exercent
693 995 872 1038 curae;
930 987 1036 1026 tum
1073 977 1284 1041 plurima
1317 987 1475 1027 versat
1733 1001 1753 1039 5

23 1118 34 1125 ἡ
101 1060 341 1124 pessimus
377 1060 428 1108 in
464 1060 627 1110 dubiis
662 1076 815 1123 augur
849 1059 1008 1108 timor.
1084 1059 1174 1107 ‘Ei
1210 1059 1360 1108 mihi'
1396 1061 1588 1120 clamat,

105 1144 263 1191 ‘unde
298 1144 530 1191 morae?'
567 1141 702 1206 (nam
738 1157 894 1204 prona
928 1150 1059 1189 ratus
1094 1140 1389 1204 facilemque
1423 1150 1497 1190 tot
1530 1140 1677 1190 armis

100 1224 284 1286 Tydea,
324 1239 417 1272 nec
453 1239 659 1271 numero
694 1222 922 1271 virtutem
957 1221 1279 1285 animumque
1310 1222 1556 1287 rependit)

104 1307 249 1352 ‘num
286 1303 419 1366 regio
454 1303 647 1352 diversa
681 1303 824 1351 viae?
876 1320 996 1351 num
1035 1303 1212 1351 missus
1246 1303 1310 1352 ab
1346 1303 1489 1366 Argis

101 1383 323 1433 subsidio
358 1385 534 1448 globus
553 1387 575 1432 Ρ
619 1401 684 1432 an
721 1383 915 1433 sceleris
952 1386 1068 1434 data
1102 1386 1234 1432 fama
1267 1401 1354 1447 per
1388 1384 1522 1434 urbis
1709 1405 1756 1432 10

100 1465 366 1514 finitimas?
412 1481 676 1528 paucosne‚
713 1473 850 1529 pater
886 1464 1113 1524 Gradive,
1140 1481 1290 1512 manu

99 1546 304 1610 legimus
338 1546 631 1595 indecores?
680 1555 730 1594 at
765 1545 897 1594 enim
932 1544 1224 1594 fortissimus
1259 1545 1359 1594 illic

99 1635 148 1676 et
183 1626 411 1677 Chromis
446 1636 496 1676 et
532 1628 740 1690 Dorylas
775 1635 824 1675 et
859 1626 1038 1675 nostris
1074 1625 1287 1675 turribus
1322 1627 1469 1690 aequi

0 1718 38 1780 ῥ’
98 1708 410 1772 Thespiadae
444 1717 575 1757 totos
610 1716 835 1771 raperent
869 1706 991 1755 mihi
1026 1707 1247 1756 funditus
1283 1710 1455 1771 Argos.

99 1806 191 1838 nec
225 1798 391 1839 tamen
425 1789 507 1838 ille
542 1788 678 1848 meis,
715 1805 835 1849 reor,
875 1788 1260 1852 impenetrabilis
1295 1789 1442 1838 armis
1706 1811 1750 1850 ¹5

97 1887 208 1920 aere
241 1887 414 1934 gerens
450 1869 710 1933 solidoque
745 1878 876 1918 satos
911 1871 1174 1919 adamante
1209 1871 1416 1919 lacertos

98 1960 328 2012 venerat3
368 1953 466 2000 heu
501 1967 691 2014 segnes,
726 1967 934 2014 quorum
971 1951 1111 1999 labor
1144 1953 1312 2000 haeret
1345 1951 1397 1999 in
1432 1969 1546 2011 uno,

99 2031 140 2079 si
174 2041 399 2081 conserta
432 2033 637 2080 manus.'
706 2030 840 2079 vario
876 2030 946 2079 sic
981 2030 1207 2080 turbidus
1242 2040 1381 2080 aestu

97 2112 290 2176 angitur
323 2129 381 2161 ac
417 2129 523 2161 sese
558 2113 723 2174 culpat
759 2128 904 2175 super
939 2111 1120 2171 omnia,
1158 2111 1243 2175 qui
1279 2129 1382 2161 non

99 2202 320 2242 orantem
355 2192 407 2241 in
443 2192 617 2242 mediis
651 2195 865 2256 legatum
901 2192 1124 2241 coetibus
1159 2210 1277 2242 ense
1700 2214 1750 2242 20

45 2330 52 2338 ,
99 2274 357 2337 perculerit
390 2276 660 2337 foedasque
694 2276 855 2337 palam
893 2273 1136 2323 satiaverit
1171 2275 1279 2323 iras.

98 2354 195 2402 iam
231 2356 385 2418 pudet
419 2354 615 2418 incepti,
653 2354 751 2402 iam
787 2353 1016 2417 paenitet.
1089 2371 1148 2403 ac
1182 2357 1316 2404 velut
1351 2355 1431 2404 ille

98 2435 327 2484 fluctibus
364 2434 518 2484 Ioniis
554 2435 792 2485 Calabrae
827 2436 971 2483 datus
1006 2435 1186 2484 arbiter
1218 2438 1334 2485 alno

61 2522 67 2523 ⁷
97 2533 189 2566 nec
224 2516 358 2566 rudis
391 2518 634 2565 undarum
671 2514 862 2580 (portus
898 2517 986 2565 sed
1020 2516 1242 2580 linquere
1277 2518 1463 2567 amicos

32 2610 34 2612 ’
96 2597 261 2661 purior
296 2597 461 2647 Olenii
494 2599 668 2646 frustra
702 2598 880 2661 gradus
914 2597 1108 2660 impulit
1143 2598 1293 2664 astri),
1700 2623 1718 2648 2
1726 2620 1748 2660 5

95 2697 208 2728 cum
243 2681 402 2742 fragor
435 2678 628 2728 hiberni
663 2678 854 2727 subitus
892 2678 1038 2738 Iovis,
1077 2679 1245 2728 omnia
1284 2680 1459 2729 mundi

153 2819 170 2845 1
200 2821 302 2847 orae
330 2808 396 2847 P:
424 2807 473 2847 de
503 2809 582 2846 hac
615 2807 847 2857 confusione
875 2807 965 2846 vide
991 2807 1163 2847 Lachm.
1198 2807 1257 2846 ad
1279 2807 1404 2848 Lucr.
1444 2809 1502 2849 iii.
1533 2822 1627 2860 405,
1667 2811 1746 2860 835

95 2875 121 2911 4
149 2863 303 2911 patrati
332 2862 372 2900 Β
389 2863 442 2902 al.
464 2875 520 2901 m.
540 2861 785 2900 Lachmann
951 2873 975 2911 5
1008 2862 1131 2902 divae
1160 2861 1335 2901 Mueller
1438 2869 1527 2902 tum
1556 2864 1620 2903 P:
1650 2871 1746 2904 tunc

93 2915 162 2956 ωδ
313 2930 339 2967 9
368 2930 452 2955 non
473 2917 592 2966 regio
620 2915 664 2953 D
751 2922 782 2958 ΐι
804 2917 959 2955 missus
986 2915 1032 2955 D
1143 2918 1193 2956 16
1221 2923 1338 2957 satos
1366 2916 1596 2959 Heinsius:
1626 2921 1747 2969 datos

95 2970 205 3010 codd.
376 2983 422 3021 17
451 2984 508 3010 an
527 2970 722 3011 venerit?
