1884 3204
144 89 198 135 Ρ.
238 89 480 138 ΡΑΡΙΝΙ
518 90 722 139 STATI

142 227 332 290 pulvis;
366 237 417 277 at
450 228 569 277 hinc
603 238 798 278 teneros
832 246 1011 278 caveae
1046 228 1298 279 dissensus
1332 231 1554 295 ephebos

143 308 371 368 concitat,
410 310 736 372 exclusaeque
772 318 1059 373 exspectant
1093 309 1313 373 praemia
1346 321 1525 362 matres
1552 330 1566 371 3

142 389 212 439 sic
246 391 429 439 alacres
465 389 585 438 odio
619 391 852 452 nullaque
887 388 1122 452 cupidine
1157 390 1316 439 laudis
1721 415 1799 456 425

140 470 336 519 accensi
370 470 636 530 incurrunt,
674 478 916 518 scrutatur
950 478 999 518 et
1033 469 1209 519 intima
1241 472 1406 520 vultus

139 567 268 599 unca
303 567 478 599 manus
513 550 809 613 penitusque
844 550 1001 599 oculis
1035 541 1328 600 cedentibus
1369 551 1531 601 intrat.

137 633 302 681 forsan
338 641 388 680 et
420 631 670 680 accinctos
705 629 843 679 lateri
876 629 970 696 (sic
1005 631 1075 679 ira
1109 631 1318 697 ferebat)

138 713 408 761 nudassent
443 711 587 772 ensis,
626 711 902 774 meliusque
941 711 1203 761 hostilibus
1237 712 1385 762 armis

136 781 380 856 lugendus
415 792 560 852 fratri,
598 791 788 841 iuvenis
823 792 1081 852 Thebane,
1111 792 1309 853 iaceres,
1716 816 1801 856 430

135 872 187 921 ni
221 890 317 932 rex,
355 872 608 922 insolitum
643 875 911 922 clamorem
947 882 996 922 et
1030 883 1230 936 pectore
1263 874 1329 923 ab
1363 875 1464 923 alto

136 952 384 1002 stridentis
419 953 630 1016 gemitus
666 953 826 1002 noctis
862 952 1065 1002 miratus
1101 952 1152 1002 in
1188 954 1390 1014 umbris,

135 1033 370 1083 movisset
402 1050 610 1096 gressus,
649 1034 839 1096 magnis
875 1033 956 1083 cui
991 1033 1155 1083 sobria
1186 1034 1316 1084 curis

134 1115 385 1176 pendebat
419 1131 598 1163 somno
633 1114 732 1163 iam
768 1114 1011 1164 deteriore
1047 1124 1290 1165 senectus.
1783 1167 1785 1169 .

132 1195 272 1258 isque
308 1195 395 1245 ubi
428 1196 747 1260 progrediens
782 1213 1046 1246 numerosa
1085 1197 1197 1245 luce
1231 1213 1319 1260 per
1351 1197 1451 1245 alta
1719 1214 1799 1256 435

131 1276 252 1325 atria
287 1276 487 1326 dimotis
522 1279 730 1327 adverso
765 1277 935 1326 limine
970 1277 1193 1326 claustris

133 1357 397 1407 terribilem
432 1358 569 1407 dictu
603 1358 794 1418 faciem,
832 1360 993 1407 lacera
1028 1375 1114 1408 ora
1147 1357 1403 1422 putrisque

132 1438 402 1503 sanguineo
435 1438 570 1488 videt
604 1438 762 1488 imbre
796 1456 980 1503 genas:
1019 1441 1191 1502 ‘Quae
1226 1455 1376 1488 causa
1409 1436 1601 1498 furoris,

132 1519 318 1568 externi
351 1519 554 1568 iuvenes
591 1519 775 1584 (neque
810 1519 944 1569 enim
981 1536 1120 1569 meus
1155 1521 1336 1568 audeat
1371 1518 1488 1567 istas

132 1599 250 1649 civis
286 1599 338 1648 in
372 1617 532 1663 usque
567 1599 783 1664 manus),
818 1599 1047 1664 quisnam
1082 1599 1409 1664 implacabilis
1442 1600 1589 1649 ardor
1715 1619 1817 1661 440*

132 1682 388 1730 exturbare
423 1680 551 1730 odiis
586 1680 848 1744 tranquilla
882 1680 1077 1730 silentia
1111 1680 1311 1730 noctis?

131 1778 288 1825 usque
322 1763 517 1811 adeone
551 1771 759 1825 angusta
792 1760 913 1822 dies,
952 1770 1001 1810 et
1036 1761 1171 1811 triste
1206 1778 1470 1825 parumper

129 1861 303 1907 pacem
339 1842 507 1892 animo
543 1860 877 1906 somnumque
911 1842 1060 1906 pati?
1107 1845 1195 1892 sed
1231 1842 1427 1906 prodite
1461 1843 1679 1902 tandem,

129 1926 263 1973 unde
299 1923 405 1983 orti,
443 1940 545 1986 quo
579 1923 713 1972 fertis
747 1923 852 1983 iter,
890 1941 1018 1987 quae
1052 1923 1245 1987 iurgia?
1291 1940 1407 1972 nam
1443 1940 1531 1973 vos

128 2006 262 2054 haud
298 2003 497 2053 humilis
532 2012 669 2052 tanta
702 2003 772 2052 ira
806 2005 968 2064 docet,
1005 2003 1298 2068 generisque
1333 2004 1532 2067 superbi
1712 2024 1793 2066 445

129 2102 307 2150 magna
340 2102 427 2149 per
461 2086 671 2134 effusum
708 2086 984 2134 clarescunt
1022 2084 1161 2148 signa
1202 2087 1458 2134 cruorem.'

194 2167 292 2215 Vix
326 2184 396 2227 ea„
435 2184 551 2216 cum
587 2165 741 2216 mixto
777 2168 992 2216 clamore
1028 2166 1233 2230 obliqua
1261 2176 1456 2216 tuentes

127 2248 370 2311 incipiunt
404 2264 533 2296 una:
573 2250 710 2296 ‘Rex
745 2264 776 2297 o
812 2247 1071 2297 mitissime
1105 2247 1371 2307 Achivum,

129 2328 250 2391 quid
284 2328 444 2377 verbis
481 2330 643 2391 opus?
690 2328 796 2391 ipse
831 2328 1066 2378 undantis
1102 2329 1341 2392 sanguine
1376 2331 1539 2378 vultus

127 2405 335 2469 aspicis.'
403 2407 527 2454 haec
561 2404 745 2468 passim
781 2405 987 2454 turbatis
1022 2406 1157 2455 vocis
1193 2424 1387 2455 amarae
1712 2426 1795 2467 450

127 2488 396 2536 confudere
431 2485 565 2535 sonis
583 2504 597 2546 3
631 2485 748 2535 inde
784 2503 923 2535 orsus
958 2486 1012 2535 in
1046 2487 1220 2537 ordine
1255 2489 1457 2550 Tydeus

127 2565 410 2616 continuat:
451 2570 463 2592 ‘
484 2566 665 2615 Maesti
700 2567 905 2631 cupiens
941 2567 1124 2617 solacia
1158 2585 1301 2617 casus

128 2647 464 2696 monstriferae
500 2648 770 2710 Calydonis
806 2665 926 2711 opes
961 2648 1303 2713 Acheloiaque
1337 2666 1452 2698 arva

181 2786 260 2823 427
292 2775 419 2814 intrat
447 2776 487 2814 P
503 2790 511 2814 :
540 2775 669 2814 instat
696 2791 727 2813 ω
838 2789 917 2825 433
947 2777 1090 2816 saucia
1109 2777 1222 2815 curis
1250 2776 1499 2816 Lachmann
1621 2777 1702 2826 436
1730 2776 1792 2816 di-

126 2829 264 2922 {nsqtils2
280 2829 431 2879 PDQ:
459 2830 638 2869 demotis
666 2830 752 2869 ΒΚ
832 2831 1000 2870 diverso
1021 2832 1093 2884 (ad
1112 2837 1200 2883 sup.
1215 2830 1258 2870 di
1285 2831 1404 2884 add.)
1422 2830 1467 2869 D
1574 2842 1657 2881 449
1684 2842 1795 2880 opus
