<?xml version="1.0" encoding="UTF-8"?>
<!DOCTYPE html PUBLIC "-//W3C//DTD XHTML 1.0 Transitional//EN"
    "http://www.w3.org/TR/xhtml1/DTD/xhtml1-transitional.dtd">
<html xmlns="http://www.w3.org/1999/xhtml" xml:lang="en" lang="en">
 <head>
  <title>
</title>
<meta http-equiv="Content-Type" content="text/html;charset=utf-8" />
  <meta name='ocr-system' content='tesseract 3.04.00' />
  <meta name='ocr-capabilities' content='ocr_page ocr_carea ocr_par ocr_line ocrx_word'/>
</head>
<body>
  <div class='ocr_page' id='page_1' title='image "./thebaisetachille00statuoft_0346.png"; bbox 0 0 1884 3204; ppageno 0'>
   <div class='ocr_carea' id='block_1_1' title="bbox 117 34 696 85">
    <p class='ocr_par' dir='ltr' id='par_1_1' title="bbox 117 34 696 85">
     <span class='ocr_line' id='line_1_1' title="bbox 117 34 696 85; baseline 0.003 -3"><span class='ocrx_word' id='word_1_1' title='bbox 117 35 172 82; x_wconf 85' lang='lat' dir='ltr'>P.</span> <span class='ocrx_word' id='word_1_2' title='bbox 211 34 455 82; x_wconf 88' lang='lat' dir='ltr'>PAPINI</span> <span class='ocrx_word' id='word_1_3' title='bbox 492 35 696 85; x_wconf 92' lang='lat' dir='ltr'>STATI</span> 
     </span>
    </p>
   </div>
   <div class='ocr_carea' id='block_1_2' title="bbox 115 170 1857 1370">
    <p class='ocr_par' dir='ltr' id='par_1_2' title="bbox 115 170 1857 1287">
     <span class='ocr_line' id='line_1_2' title="bbox 118 170 1781 237; baseline 0.003 -18"><span class='ocrx_word' id='word_1_4' title='bbox 118 187 219 224; x_wconf 89' lang='lat' dir='ltr'>non</span> <span class='ocrx_word' id='word_1_5' title='bbox 254 171 438 235; x_wconf 86' lang='lat' dir='ltr'><strong>gentile</strong></span> <span class='ocrx_word' id='word_1_6' title='bbox 473 174 649 232; x_wconf 90' lang='lat' dir='ltr'>solum,</span> <span class='ocrx_word' id='word_1_7' title='bbox 687 170 830 222; x_wconf 83' lang='lat' dir='ltr'>carae</span> <span class='ocrx_word' id='word_1_8' title='bbox 865 189 969 222; x_wconf 93' lang='lat' dir='ltr'>non</span> <span class='ocrx_word' id='word_1_9' title='bbox 1004 181 1206 237; x_wconf 85' lang='lat' dir='ltr'><strong>pectora</strong></span> <span class='ocrx_word' id='word_1_10' title='bbox 1244 173 1424 233; x_wconf 89' lang='lat' dir='ltr'>matris,</span> <span class='ocrx_word' id='word_1_11' title='bbox 1703 193 1781 236; x_wconf 79' lang='lat'>395</span> 
     </span>
     <span class='ocr_line' id='line_1_3' title="bbox 117 251 1775 317; baseline 0.004 -18"><span class='ocrx_word' id='word_1_12' title='bbox 117 259 165 299; x_wconf 90' lang='lat' dir='ltr'>te</span> <span class='ocrx_word' id='word_1_13' title='bbox 200 251 355 315; x_wconf 91' lang='lat' dir='ltr'>cupiit</span> <span class='ocrx_word' id='word_1_14' title='bbox 387 268 540 301; x_wconf 90' lang='lat' dir='ltr'>unam</span> <span class='ocrx_word' id='word_1_15' title='bbox 574 262 848 317; x_wconf 90' lang='lat' dir='ltr'>noctesque</span> <span class='ocrx_word' id='word_1_16' title='bbox 883 253 1090 317; x_wconf 84' lang='lat' dir='ltr'>diesque</span> <span class='ocrx_word' id='word_1_17' title='bbox 1126 255 1321 303; x_wconf 91' lang='lat' dir='ltr'>locutus</span> <span class='ocrx_word' id='word_1_18' title='bbox 1772 266 1775 267; x_wconf 72' lang='grc'>’</span> 
     </span>
     <span class='ocr_line' id='line_1_4' title="bbox 117 332 1486 399; baseline 0.003 -19"><span class='ocrx_word' id='word_1_19' title='bbox 117 332 404 395; x_wconf 86' lang='lat' dir='ltr'>Antigonen</span> <span class='ocrx_word' id='word_1_20' title='bbox 421 351 436 394; x_wconf 80' lang='lat'><em>3</em></span> <span class='ocrx_word' id='word_1_21' title='bbox 493 350 586 397; x_wconf 89' lang='lat' dir='ltr'>ego</span> <span class='ocrx_word' id='word_1_22' title='bbox 621 351 738 383; x_wconf 91' lang='lat' dir='ltr'>cura</span> <span class='ocrx_word' id='word_1_23' title='bbox 774 334 936 384; x_wconf 91' lang='lat' dir='ltr'>minor</span> <span class='ocrx_word' id='word_1_24' title='bbox 969 334 1226 398; x_wconf 90' lang='lat' dir='ltr'>facilisque</span> <span class='ocrx_word' id='word_1_25' title='bbox 1262 335 1486 399; x_wconf 90' lang='lat' dir='ltr'>relinqui.</span> 
     </span>
     <span class='ocr_line' id='line_1_5' title="bbox 117 416 1306 466; baseline 0.004 -5"><span class='ocrx_word' id='word_1_26' title='bbox 117 423 169 461; x_wconf 92' lang='lat' dir='ltr'>tu</span> <span class='ocrx_word' id='word_1_27' title='bbox 206 423 375 463; x_wconf 90' lang='lat' dir='ltr'>tamen</span> <span class='ocrx_word' id='word_1_28' title='bbox 409 432 470 464; x_wconf 89' lang='lat' dir='ltr'>ex</span> <span class='ocrx_word' id='word_1_29' title='bbox 503 417 636 465; x_wconf 91' lang='lat' dir='ltr'>celsa</span> <span class='ocrx_word' id='word_1_30' title='bbox 670 416 919 466; x_wconf 89' lang='lat' dir='ltr'>sublimen</span> <span class='ocrx_word' id='word_1_31' title='bbox 954 416 1159 466; x_wconf 83' lang='lat' dir='ltr'>forsitan</span> <span class='ocrx_word' id='word_1_32' title='bbox 1193 433 1306 466; x_wconf 89' lang='lat' dir='ltr'>arce</span> 
     </span>
     <span class='ocr_line' id='line_1_6' title="bbox 115 495 1297 561; baseline 0.003 -18"><span class='ocrx_word' id='word_1_33' title='bbox 115 504 231 544; x_wconf 86' lang='lat' dir='ltr'>ante</span> <span class='ocrx_word' id='word_1_34' title='bbox 266 497 404 544; x_wconf 90' lang='lat' dir='ltr'>nefas</span> <span class='ocrx_word' id='word_1_35' title='bbox 440 495 583 546; x_wconf 91' lang='lat' dir='ltr'>Grais</span> <span class='ocrx_word' id='word_1_36' title='bbox 618 498 823 547; x_wconf 86' lang='lat' dir='ltr'>dantem</span> <span class='ocrx_word' id='word_1_37' title='bbox 856 497 1032 554; x_wconf 86' lang='lat' dir='ltr'>vexilla</span> <span class='ocrx_word' id='word_1_38' title='bbox 1067 497 1297 561; x_wconf 89' lang='lat' dir='ltr'>maniplis</span> 
     </span>
     <span class='ocr_line' id='line_1_7' title="bbox 116 576 1820 645; baseline 0.001 -21"><span class='ocrx_word' id='word_1_39' title='bbox 116 576 294 636; x_wconf 86' lang='lat' dir='ltr'>vidisti,</span> <span class='ocrx_word' id='word_1_40' title='bbox 333 586 482 639; x_wconf 90' lang='lat' dir='ltr'>teque</span> <span class='ocrx_word' id='word_1_41' title='bbox 517 576 599 627; x_wconf 92' lang='lat' dir='ltr'>ille</span> <span class='ocrx_word' id='word_1_42' title='bbox 633 577 740 645; x_wconf 86' lang='lat' dir='ltr'>acie</span> <span class='ocrx_word' id='word_1_43' title='bbox 774 577 986 641; x_wconf 88' lang='lat' dir='ltr'>respexit</span> <span class='ocrx_word' id='word_1_44' title='bbox 1020 577 1086 626; x_wconf 88' lang='lat' dir='ltr'>ab</span> <span class='ocrx_word' id='word_1_45' title='bbox 1120 577 1229 640; x_wconf 91' lang='lat' dir='ltr'>ipsa</span> <span class='ocrx_word' id='word_1_46' title='bbox 1701 598 1784 638; x_wconf 89' lang='lat'>400</span> <span class='ocrx_word' id='word_1_47' title='bbox 1818 600 1820 604; x_wconf 58' lang='grc'>’</span> 
     </span>
     <span class='ocr_line' id='line_1_8' title="bbox 117 657 1273 707; baseline 0 -1"><span class='ocrx_word' id='word_1_48' title='bbox 117 674 236 707; x_wconf 89' lang='lat' dir='ltr'>ense</span> <span class='ocrx_word' id='word_1_49' title='bbox 270 659 533 707; x_wconf 91' lang='lat' dir='ltr'>salutatam</span> <span class='ocrx_word' id='word_1_50' title='bbox 569 667 619 707; x_wconf 91' lang='lat' dir='ltr'>et</span> <span class='ocrx_word' id='word_1_51' title='bbox 654 658 874 707; x_wconf 91' lang='lat' dir='ltr'>nutantis</span> <span class='ocrx_word' id='word_1_52' title='bbox 909 657 1091 707; x_wconf 89' lang='lat' dir='ltr'>vertice</span> <span class='ocrx_word' id='word_1_53' title='bbox 1127 657 1273 707; x_wconf 85' lang='lat' dir='ltr'>c&#39;oni:</span> 
     </span>
     <span class='ocr_line' id='line_1_9' title="bbox 117 738 1568 803; baseline 0.001 -17"><span class='ocrx_word' id='word_1_54' title='bbox 117 755 209 787; x_wconf 90' lang='lat' dir='ltr'>nos</span> <span class='ocrx_word' id='word_1_55' title='bbox 244 741 431 803; x_wconf 89' lang='lat' dir='ltr'>procul.</span> <span class='ocrx_word' id='word_1_56' title='bbox 505 747 748 789; x_wconf 88' lang='lat' dir='ltr'>extremas</span> <span class='ocrx_word' id='word_1_57' title='bbox 784 740 874 788; x_wconf 91' lang='lat' dir='ltr'>sed</span> <span class='ocrx_word' id='word_1_58' title='bbox 910 738 1020 802; x_wconf 92' lang='lat' dir='ltr'>quis</span> <span class='ocrx_word' id='word_1_59' title='bbox 1056 740 1180 788; x_wconf 90' lang='lat' dir='ltr'>deus</span> <span class='ocrx_word' id='word_1_60' title='bbox 1215 738 1314 802; x_wconf 88' lang='lat' dir='ltr'>egit</span> <span class='ocrx_word' id='word_1_61' title='bbox 1349 738 1402 787; x_wconf 88' lang='lat' dir='ltr'>in</span> <span class='ocrx_word' id='word_1_62' title='bbox 1437 739 1568 788; x_wconf 83' lang='lat' dir='ltr'>iras?</span> 
     </span>
     <span class='ocr_line' id='line_1_10' title="bbox 117 817 1485 883; baseline 0 -15"><span class='ocrx_word' id='word_1_63' title='bbox 117 820 185 868; x_wconf 89' lang='lat' dir='ltr'>nil</span> <span class='ocrx_word' id='word_1_64' title='bbox 221 828 411 868; x_wconf 90' lang='lat' dir='ltr'>vestrae</span> <span class='ocrx_word' id='word_1_65' title='bbox 446 821 677 882; x_wconf 88' lang='lat' dir='ltr'>placuere</span> <span class='ocrx_word' id='word_1_66' title='bbox 711 835 883 882; x_wconf 85' lang='lat' dir='ltr'>preces</span> <span class='ocrx_word' id='word_1_67' title='bbox 901 821 924 867; x_wconf 84' lang='lat'><strong>?</strong></span> <span class='ocrx_word' id='word_1_68' title='bbox 969 818 1126 867; x_wconf 89' lang='lat' dir='ltr'>tibine</span> <span class='ocrx_word' id='word_1_69' title='bbox 1161 817 1252 867; x_wconf 91' lang='lat' dir='ltr'>iste</span> <span class='ocrx_word' id='word_1_70' title='bbox 1288 818 1485 883; x_wconf 89' lang='lat' dir='ltr'>negavit</span> 
     </span>
     <span class='ocr_line' id='line_1_11' title="bbox 117 899 1212 949; baseline -0.001 0"><span class='ocrx_word' id='word_1_71' title='bbox 117 900 339 949; x_wconf 91' lang='lat' dir='ltr'>oranti?&#39;</span> <span class='ocrx_word' id='word_1_72' title='bbox 374 917 549 949; x_wconf 87' lang='lat' dir='ltr'>causas</span> <span class='ocrx_word' id='word_1_73' title='bbox 584 916 643 949; x_wconf 91' lang='lat' dir='ltr'>ac</span> <span class='ocrx_word' id='word_1_74' title='bbox 679 899 835 948; x_wconf 90' lang='lat' dir='ltr'>tristia</span> <span class='ocrx_word' id='word_1_75' title='bbox 868 900 1077 949; x_wconf 88' lang='lat' dir='ltr'>reddere</span> <span class='ocrx_word' id='word_1_76' title='bbox 1112 900 1212 948; x_wconf 88' lang='lat' dir='ltr'>fata</span> 
     </span>
     <span class='ocr_line' id='line_1_12' title="bbox 117 980 1784 1045; baseline 0.001 -15"><span class='ocrx_word' id='word_1_77' title='bbox 117 989 348 1045; x_wconf 85' lang='lat' dir='ltr'>coeperat</span> <span class='ocrx_word' id='word_1_78' title='bbox 383 980 635 1044; x_wconf 89' lang='lat' dir='ltr'>Antigone</span> <span class='ocrx_word' id='word_1_79' title='bbox 651 998 666 1042; x_wconf 77' lang='lat'><em>3</em></span> <span class='ocrx_word' id='word_1_80' title='bbox 723 982 854 1030; x_wconf 91' lang='lat' dir='ltr'>fidus</span> <span class='ocrx_word' id='word_1_81' title='bbox 889 997 1059 1030; x_wconf 91' lang='lat' dir='ltr'>comes</span> <span class='ocrx_word' id='word_1_82' title='bbox 1095 981 1336 1030; x_wconf 90' lang='lat' dir='ltr'>admonet</span> <span class='ocrx_word' id='word_1_83' title='bbox 1368 981 1574 1030; x_wconf 85' lang='lat' dir='ltr'>ambas:</span> <span class='ocrx_word' id='word_1_84' title='bbox 1702 1001 1784 1043; x_wconf 86' lang='lat'>405</span> 
     </span>
     <span class='ocr_line' id='line_1_13' title="bbox 120 1051 1857 1126; baseline 0.003 -17"><span class='ocrx_word' id='word_1_85' title='bbox 120 1066 132 1088; x_wconf 85' lang='lat'>‘</span> <span class='ocrx_word' id='word_1_86' title='bbox 149 1061 282 1111; x_wconf 90' lang='lat' dir='ltr'>Heia</span> <span class='ocrx_word' id='word_1_87' title='bbox 315 1060 446 1125; x_wconf 89' lang='lat' dir='ltr'>agite</span> <span class='ocrx_word' id='word_1_88' title='bbox 480 1060 737 1125; x_wconf 90' lang='lat' dir='ltr'>inceptum</span> <span class='ocrx_word' id='word_1_89' title='bbox 772 1061 967 1126; x_wconf 85' lang='lat' dir='ltr'>potius!</span> <span class='ocrx_word' id='word_1_90' title='bbox 1015 1061 1114 1110; x_wconf 92' lang='lat' dir='ltr'>iam</span> <span class='ocrx_word' id='word_1_91' title='bbox 1150 1060 1312 1110; x_wconf 89' lang='lat' dir='ltr'>sidera</span> <span class='ocrx_word' id='word_1_92' title='bbox 1348 1063 1532 1126; x_wconf 89' lang='lat' dir='ltr'>pallent</span> <span class='ocrx_word' id='word_1_93' title='bbox 1855 1051 1857 1055; x_wconf 23' lang='lat'><strong>¹</strong></span> 
     </span>
     <span class='ocr_line' id='line_1_14' title="bbox 116 1141 1180 1206; baseline 0.001 -16"><span class='ocrx_word' id='word_1_94' title='bbox 116 1141 281 1191; x_wconf 90' lang='lat' dir='ltr'>vicino</span> <span class='ocrx_word' id='word_1_95' title='bbox 317 1142 512 1191; x_wconf 87' lang='lat' dir='ltr'>turbata</span> <span class='ocrx_word' id='word_1_96' title='bbox 547 1142 643 1202; x_wconf 93' lang='lat' dir='ltr'>die,</span> <span class='ocrx_word' id='word_1_97' title='bbox 680 1144 892 1206; x_wconf 90' lang='lat' dir='ltr'>perferte</span> <span class='ocrx_word' id='word_1_98' title='bbox 925 1143 1180 1203; x_wconf 88' lang='lat' dir='ltr'>laborem;</span> 
     </span>
     <span class='ocr_line' id='line_1_15' title="bbox 118 1222 1350 1287; baseline 0 -15"><span class='ocrx_word' id='word_1_99' title='bbox 118 1233 313 1287; x_wconf 90' lang='lat' dir='ltr'>tempus</span> <span class='ocrx_word' id='word_1_100' title='bbox 349 1222 439 1272; x_wconf 92' lang='lat' dir='ltr'>erit</span> <span class='ocrx_word' id='word_1_101' title='bbox 474 1223 701 1284; x_wconf 87' lang='lat' dir='ltr'>lacrimis,</span> <span class='ocrx_word' id='word_1_102' title='bbox 739 1240 954 1274; x_wconf 89' lang='lat' dir='ltr'>accenso</span> <span class='ocrx_word' id='word_1_103' title='bbox 988 1223 1171 1273; x_wconf 91' lang='lat' dir='ltr'>flebitis</span> <span class='ocrx_word' id='word_1_104' title='bbox 1206 1223 1350 1286; x_wconf 89' lang='lat' dir='ltr'>igne.&#39;</span> 
     </span>
    </p>

    <p class='ocr_par' dir='ltr' id='par_1_3' title="bbox 187 1303 1621 1370">
     <span class='ocr_line' id='line_1_16' title="bbox 187 1303 1621 1370; baseline 0 -17"><span class='ocrx_word' id='word_1_105' title='bbox 187 1306 344 1354; x_wconf 92' lang='lat' dir='ltr'>Haud</span> <span class='ocrx_word' id='word_1_106' title='bbox 378 1306 552 1370; x_wconf 89' lang='lat' dir='ltr'>procul</span> <span class='ocrx_word' id='word_1_107' title='bbox 588 1304 776 1354; x_wconf 90' lang='lat' dir='ltr'>Ismeni</span> <span class='ocrx_word' id='word_1_108' title='bbox 813 1306 1157 1355; x_wconf 89' lang='lat' dir='ltr'>monstrabant</span> <span class='ocrx_word' id='word_1_109' title='bbox 1193 1321 1443 1353; x_wconf 89' lang='lat' dir='ltr'>murmura</span> <span class='ocrx_word' id='word_1_110' title='bbox 1478 1303 1621 1368; x_wconf 90' lang='lat' dir='ltr'>ripas,</span> 
     </span>
    </p>
   </div>
   <div class='ocr_carea' id='block_1_3' title="bbox 117 1384 1858 1450">
    <p class='ocr_par' dir='ltr' id='par_1_4' title="bbox 117 1384 1858 1450">
     <span class='ocr_line' id='line_1_17' title="bbox 117 1384 1858 1450; baseline 0.002 -15"><span class='ocrx_word' id='word_1_111' title='bbox 117 1402 216 1450; x_wconf 91' lang='lat' dir='ltr'>qua</span> <span class='ocrx_word' id='word_1_112' title='bbox 251 1386 476 1435; x_wconf 91' lang='lat' dir='ltr'>turbatus</span> <span class='ocrx_word' id='word_1_113' title='bbox 510 1387 676 1435; x_wconf 90' lang='lat' dir='ltr'>adhuc</span> <span class='ocrx_word' id='word_1_114' title='bbox 711 1395 761 1435; x_wconf 89' lang='lat' dir='ltr'>et</span> <span class='ocrx_word' id='word_1_115' title='bbox 796 1386 1036 1450; x_wconf 88' lang='lat' dir='ltr'>sanguine</span> <span class='ocrx_word' id='word_1_116' title='bbox 1070 1387 1274 1436; x_wconf 91' lang='lat' dir='ltr'>decolor</span> <span class='ocrx_word' id='word_1_117' title='bbox 1307 1384 1424 1437; x_wconf 88' lang='lat' dir='ltr'>ibat.</span> <span class='ocrx_word' id='word_1_118' title='bbox 1704 1404 1789 1446; x_wconf 83' lang='lat'>410</span> <span class='ocrx_word' id='word_1_119' title='bbox 1854 1407 1858 1450; x_wconf 67' lang='lat' dir='ltr'>j</span> 
     </span>
    </p>
   </div>
   <div class='ocr_carea' id='block_1_4' title="bbox 116 1467 1848 2503">
    <p class='ocr_par' dir='ltr' id='par_1_5' title="bbox 117 1467 1315 1531">
     <span class='ocr_line' id='line_1_18' title="bbox 117 1467 1315 1531; baseline 0 -15"><span class='ocrx_word' id='word_1_120' title='bbox 117 1469 216 1516; x_wconf 91' lang='lat' dir='ltr'>huc</span> <span class='ocrx_word' id='word_1_121' title='bbox 251 1468 439 1516; x_wconf 89' lang='lat' dir='ltr'>laceros</span> <span class='ocrx_word' id='word_1_122' title='bbox 473 1475 607 1517; x_wconf 91' lang='lat' dir='ltr'>artus</span> <span class='ocrx_word' id='word_1_123' title='bbox 643 1467 781 1516; x_wconf 91' lang='lat' dir='ltr'>socio</span> <span class='ocrx_word' id='word_1_124' title='bbox 817 1467 1081 1517; x_wconf 89' lang='lat' dir='ltr'>conamine</span> <span class='ocrx_word' id='word_1_125' title='bbox 1115 1476 1315 1531; x_wconf 89' lang='lat' dir='ltr'>portant</span> 
     </span>
    </p>

    <p class='ocr_par' dir='ltr' id='par_1_6' title="bbox 116 1547 1411 1612">
     <span class='ocr_line' id='line_1_19' title="bbox 116 1547 1411 1612; baseline 0.002 -16"><span class='ocrx_word' id='word_1_126' title='bbox 116 1548 376 1608; x_wconf 89' lang='lat' dir='ltr'>invalidae,</span> <span class='ocrx_word' id='word_1_127' title='bbox 414 1547 671 1612; x_wconf 88' lang='lat' dir='ltr'>iungitque</span> <span class='ocrx_word' id='word_1_128' title='bbox 706 1565 876 1598; x_wconf 90' lang='lat' dir='ltr'>comes</span> <span class='ocrx_word' id='word_1_129' title='bbox 911 1565 1016 1598; x_wconf 91' lang='lat' dir='ltr'>non</span> <span class='ocrx_word' id='word_1_130' title='bbox 1050 1547 1220 1598; x_wconf 90' lang='lat' dir='ltr'>fortior</span> <span class='ocrx_word' id='word_1_131' title='bbox 1254 1549 1411 1598; x_wconf 90' lang='lat' dir='ltr'>ulnas.</span> 
     </span>
    </p>

    <p class='ocr_par' dir='ltr' id='par_1_7' title="bbox 118 1628 1382 1694">
     <span class='ocr_line' id='line_1_20' title="bbox 118 1628 1382 1694; baseline 0 -16"><span class='ocrx_word' id='word_1_132' title='bbox 118 1629 189 1679; x_wconf 88' lang='lat' dir='ltr'>sic</span> <span class='ocrx_word' id='word_1_133' title='bbox 226 1628 594 1694; x_wconf 90' lang='lat' dir='ltr'>Hyperionium</span> <span class='ocrx_word' id='word_1_134' title='bbox 630 1629 802 1693; x_wconf 91' lang='lat' dir='ltr'>tepido</span> <span class='ocrx_word' id='word_1_135' title='bbox 839 1631 1154 1679; x_wconf 88' lang='lat' dir='ltr'>Phaethonta</span> <span class='ocrx_word' id='word_1_136' title='bbox 1189 1645 1382 1679; x_wconf 90' lang='lat' dir='ltr'>sorores</span> 
     </span>
    </p>

    <p class='ocr_par' dir='ltr' id='par_1_8' title="bbox 118 1710 1317 1773">
     <span class='ocr_line' id='line_1_21' title="bbox 118 1710 1317 1773; baseline 0 -14"><span class='ocrx_word' id='word_1_137' title='bbox 118 1712 394 1759; x_wconf 89' lang='lat' dir='ltr'>fumantem</span> <span class='ocrx_word' id='word_1_138' title='bbox 429 1712 591 1760; x_wconf 90' lang='lat' dir='ltr'>lavere</span> <span class='ocrx_word' id='word_1_139' title='bbox 628 1711 798 1771; x_wconf 84' lang='lat' dir='ltr'>Pad03</span> <span class='ocrx_word' id='word_1_140' title='bbox 855 1710 937 1759; x_wconf 88' lang='lat' dir='ltr'>vix</span> <span class='ocrx_word' id='word_1_141' title='bbox 970 1710 1053 1759; x_wconf 93' lang='lat' dir='ltr'>ille</span> <span class='ocrx_word' id='word_1_142' title='bbox 1088 1712 1317 1773; x_wconf 91' lang='lat' dir='ltr'>sepulcro</span> 
     </span>
    </p>

    <p class='ocr_par' dir='ltr' id='par_1_9' title="bbox 119 1789 1786 1935">
     <span class='ocr_line' id='line_1_22' title="bbox 119 1789 1786 1852; baseline -0.002 -11"><span class='ocrx_word' id='word_1_143' title='bbox 119 1790 368 1852; x_wconf 83' lang='lat' dir='ltr'>conditus,</span> <span class='ocrx_word' id='word_1_144' title='bbox 403 1799 453 1839; x_wconf 90' lang='lat' dir='ltr'>et</span> <span class='ocrx_word' id='word_1_145' title='bbox 488 1792 663 1840; x_wconf 91' lang='lat' dir='ltr'>flentes</span> <span class='ocrx_word' id='word_1_146' title='bbox 699 1791 898 1840; x_wconf 92' lang='lat' dir='ltr'>stabant</span> <span class='ocrx_word' id='word_1_147' title='bbox 933 1792 999 1840; x_wconf 88' lang='lat' dir='ltr'>ad</span> <span class='ocrx_word' id='word_1_148' title='bbox 1034 1790 1240 1839; x_wconf 90' lang='lat' dir='ltr'>flumina</span> <span class='ocrx_word' id='word_1_149' title='bbox 1275 1789 1439 1840; x_wconf 88' lang='lat' dir='ltr'>silvae.</span> <span class='ocrx_word' id='word_1_150' title='bbox 1681 1809 1786 1852; x_wconf 68' lang='lat'>415</span> 
     </span>
     <span class='ocr_line' id='line_1_23' title="bbox 119 1871 1410 1935; baseline -0.002 -12"><span class='ocrx_word' id='word_1_151' title='bbox 119 1882 172 1923; x_wconf 91' lang='lat' dir='ltr'>ut</span> <span class='ocrx_word' id='word_1_152' title='bbox 209 1871 371 1921; x_wconf 89' lang='lat' dir='ltr'>sanies</span> <span class='ocrx_word' id='word_1_153' title='bbox 407 1880 614 1935; x_wconf 88' lang='lat' dir='ltr'>purgata</span> <span class='ocrx_word' id='word_1_154' title='bbox 647 1874 779 1922; x_wconf 91' lang='lat' dir='ltr'>vado</span> <span class='ocrx_word' id='word_1_155' title='bbox 814 1871 1153 1935; x_wconf 90' lang='lat' dir='ltr'>membrisque</span> <span class='ocrx_word' id='word_1_156' title='bbox 1188 1887 1410 1921; x_wconf 88' lang='lat' dir='ltr'>reversus</span> 
     </span>
    </p>

    <p class='ocr_par' dir='ltr' id='par_1_10' title="bbox 119 1951 1848 2503">
     <span class='ocr_line' id='line_1_24' title="bbox 121 1951 1585 2017; baseline 0.001 -15"><span class='ocrx_word' id='word_1_157' title='bbox 121 1953 289 2003; x_wconf 88' lang='lat' dir='ltr'>mortis</span> <span class='ocrx_word' id='word_1_158' title='bbox 325 1954 501 2014; x_wconf 91' lang='lat' dir='ltr'>honos,</span> <span class='ocrx_word' id='word_1_159' title='bbox 539 1952 706 2017; x_wconf 87' lang='lat' dir='ltr'>ignem</span> <span class='ocrx_word' id='word_1_160' title='bbox 742 1952 950 2003; x_wconf 90' lang='lat' dir='ltr'>miserae</span> <span class='ocrx_word' id='word_1_161' title='bbox 984 1961 1099 2017; x_wconf 91' lang='lat' dir='ltr'>post</span> <span class='ocrx_word' id='word_1_162' title='bbox 1132 1951 1306 2002; x_wconf 87' lang='lat' dir='ltr'>ultima</span> <span class='ocrx_word' id='word_1_163' title='bbox 1340 1960 1585 2016; x_wconf 87' lang='lat' dir='ltr'>quaerunt</span> 
     </span>
     <span class='ocr_line' id='line_1_25' title="bbox 120 2033 1529 2098; baseline -0.001 -14"><span class='ocrx_word' id='word_1_164' title='bbox 120 2036 318 2096; x_wconf 83' lang='lat' dir='ltr'>oscula3</span> <span class='ocrx_word' id='word_1_165' title='bbox 371 2035 461 2083; x_wconf 93' lang='lat' dir='ltr'>sed</span> <span class='ocrx_word' id='word_1_166' title='bbox 496 2034 690 2098; x_wconf 89' lang='lat' dir='ltr'>gelidae</span> <span class='ocrx_word' id='word_1_167' title='bbox 726 2033 913 2083; x_wconf 90' lang='lat' dir='ltr'>circum</span> <span class='ocrx_word' id='word_1_168' title='bbox 949 2033 1300 2097; x_wconf 87' lang='lat' dir='ltr'>exanimesque</span> <span class='ocrx_word' id='word_1_169' title='bbox 1336 2033 1529 2083; x_wconf 87' lang='lat' dir='ltr'>favillae</span> 
     </span>
     <span class='ocr_line' id='line_1_26' title="bbox 119 2114 1848 2182; baseline -0.001 -17"><span class='ocrx_word' id='word_1_170' title='bbox 119 2116 345 2181; x_wconf 87' lang='lat' dir='ltr'>putribus</span> <span class='ocrx_word' id='word_1_171' title='bbox 381 2115 434 2167; x_wconf 87' lang='lat' dir='ltr'>in</span> <span class='ocrx_word' id='word_1_172' title='bbox 468 2115 638 2177; x_wconf 80' lang='lat' dir='ltr'>foveiS,</span> <span class='ocrx_word' id='word_1_173' title='bbox 676 2125 826 2180; x_wconf 90' lang='lat' dir='ltr'>atque</span> <span class='ocrx_word' id='word_1_174' title='bbox 862 2115 1032 2167; x_wconf 92' lang='lat' dir='ltr'>omnia</span> <span class='ocrx_word' id='word_1_175' title='bbox 1068 2115 1213 2165; x_wconf 91' lang='lat' dir='ltr'>busta</span> <span class='ocrx_word' id='word_1_176' title='bbox 1247 2114 1523 2178; x_wconf 87' lang='lat' dir='ltr'>quiescunt.</span> <span class='ocrx_word' id='word_1_177' title='bbox 1846 2180 1848 2182; x_wconf 12' lang='lat' dir='ltr'>v</span> 
     </span>
     <span class='ocr_line' id='line_1_27' title="bbox 119 2195 1790 2261; baseline -0.001 -15"><span class='ocrx_word' id='word_1_178' title='bbox 119 2197 281 2257; x_wconf 84' lang='lat' dir='ltr'>stabat</span> <span class='ocrx_word' id='word_1_179' title='bbox 315 2198 482 2247; x_wconf 91' lang='lat' dir='ltr'>adhuc</span> <span class='ocrx_word' id='word_1_180' title='bbox 517 2214 606 2246; x_wconf 89' lang='lat' dir='ltr'>seu</span> <span class='ocrx_word' id='word_1_181' title='bbox 641 2199 767 2247; x_wconf 90' lang='lat' dir='ltr'>forte</span> <span class='ocrx_word' id='word_1_182' title='bbox 801 2214 961 2261; x_wconf 90' lang='lat' dir='ltr'>rogus,</span> <span class='ocrx_word' id='word_1_183' title='bbox 998 2213 1088 2246; x_wconf 90' lang='lat' dir='ltr'>seu</span> <span class='ocrx_word' id='word_1_184' title='bbox 1124 2195 1331 2246; x_wconf 90' lang='lat' dir='ltr'>numine</span> <span class='ocrx_word' id='word_1_185' title='bbox 1365 2195 1551 2255; x_wconf 89' lang='lat' dir='ltr'>divum,</span> <span class='ocrx_word' id='word_1_186' title='bbox 1703 2214 1790 2256; x_wconf 73' lang='lat'>420</span> 
     </span>
     <span class='ocr_line' id='line_1_28' title="bbox 120 2278 1321 2337; baseline -0.002 -10"><span class='ocrx_word' id='word_1_187' title='bbox 120 2278 201 2328; x_wconf 93' lang='lat' dir='ltr'>cui</span> <span class='ocrx_word' id='word_1_188' title='bbox 236 2288 419 2328; x_wconf 87' lang='lat' dir='ltr'>torrere</span> <span class='ocrx_word' id='word_1_189' title='bbox 453 2280 627 2328; x_wconf 90' lang='lat' dir='ltr'>datum</span> <span class='ocrx_word' id='word_1_190' title='bbox 663 2295 836 2328; x_wconf 90' lang='lat' dir='ltr'>saevos</span> <span class='ocrx_word' id='word_1_191' title='bbox 874 2280 1138 2328; x_wconf 90' lang='lat' dir='ltr'>Eteocleos</span> <span class='ocrx_word' id='word_1_192' title='bbox 1172 2285 1321 2337; x_wconf 86' lang='lat' dir='ltr'>artuS‚</span> 
     </span>
     <span class='ocr_line' id='line_1_29' title="bbox 120 2357 1416 2422; baseline -0.002 -14"><span class='ocrx_word' id='word_1_193' title='bbox 120 2360 222 2411; x_wconf 90' lang='lat' dir='ltr'>sive</span> <span class='ocrx_word' id='word_1_194' title='bbox 258 2361 425 2409; x_wconf 92' lang='lat' dir='ltr'>locum</span> <span class='ocrx_word' id='word_1_195' title='bbox 461 2359 693 2410; x_wconf 90' lang='lat' dir='ltr'>monstris</span> <span class='ocrx_word' id='word_1_196' title='bbox 728 2359 907 2409; x_wconf 88' lang='lat' dir='ltr'>iterum</span> <span class='ocrx_word' id='word_1_197' title='bbox 944 2362 1164 2409; x_wconf 90' lang='lat' dir='ltr'>Fortuna</span> <span class='ocrx_word' id='word_1_198' title='bbox 1197 2357 1416 2422; x_wconf 88' lang='lat' dir='ltr'>parabat,</span> 
     </span>
     <span class='ocr_line' id='line_1_30' title="bbox 120 2438 1320 2503; baseline 0.002 -13"><span class='ocrx_word' id='word_1_199' title='bbox 120 2459 207 2491; x_wconf 90' lang='lat' dir='ltr'>seu</span> <span class='ocrx_word' id='word_1_200' title='bbox 243 2441 554 2492; x_wconf 88' lang='lat' dir='ltr'>dissensuros</span> <span class='ocrx_word' id='word_1_201' title='bbox 589 2450 864 2492; x_wconf 88' lang='lat' dir='ltr'>servaverat</span> <span class='ocrx_word' id='word_1_202' title='bbox 898 2439 1140 2490; x_wconf 91' lang='lat' dir='ltr'>Eumenis</span> <span class='ocrx_word' id='word_1_203' title='bbox 1175 2438 1320 2503; x_wconf 81' lang='lat' dir='ltr'>igniS.</span> 
     </span>
    </p>
   </div>
   <div class='ocr_carea' id='block_1_5' title="bbox 110 2565 1840 2893">
    <p class='ocr_par' dir='ltr' id='par_1_11' title="bbox 110 2565 1840 2893">
     <span class='ocr_line' id='line_1_31' title="bbox 175 2565 1785 2622; baseline -0.002 -12"><span class='ocrx_word' id='word_1_204' title='bbox 175 2572 257 2620; x_wconf 88' lang='lat'>396</span> <span class='ocrx_word' id='word_1_205' title='bbox 285 2571 416 2621; x_wconf 90' lang='lat' dir='ltr'>cupiit</span> <span class='ocrx_word' id='word_1_206' title='bbox 447 2570 516 2610; x_wconf 88' lang='lat' dir='ltr'>P:</span> <span class='ocrx_word' id='word_1_207' title='bbox 546 2571 736 2622; x_wconf 84' lang='lat' dir='ltr'>cupresis</span> <span class='ocrx_word' id='word_1_208' title='bbox 766 2570 836 2610; x_wconf 71' lang='grc' dir='ltr'>ωδ</span> <span class='ocrx_word' id='word_1_209' title='bbox 999 2570 1081 2621; x_wconf 88' lang='grc'>398</span> <span class='ocrx_word' id='word_1_210' title='bbox 1108 2568 1318 2608; x_wconf 87' lang='lat' dir='ltr'>sublimen</span> <span class='ocrx_word' id='word_1_211' title='bbox 1347 2565 1478 2606; x_wconf 88' lang='lat' dir='ltr'>PBN</span> <span class='ocrx_word' id='word_1_212' title='bbox 1492 2580 1501 2606; x_wconf 90' lang='lat'><strong>:</strong></span> <span class='ocrx_word' id='word_1_213' title='bbox 1528 2565 1677 2606; x_wconf 74' lang='lat' dir='ltr'>subliffi</span> <span class='ocrx_word' id='word_1_214' title='bbox 1711 2566 1785 2607; x_wconf 91' lang='lat' dir='ltr'>D:</span> 
     </span>
     <span class='ocr_line' id='line_1_32' title="bbox 121 2620 1840 2677; baseline -0.002 -12"><span class='ocrx_word' id='word_1_215' title='bbox 121 2625 343 2665; x_wconf 87' lang='lat' dir='ltr'>sublimem</span> <span class='ocrx_word' id='word_1_216' title='bbox 378 2625 443 2677; x_wconf 80' lang='lat' dir='ltr'>Q:</span> <span class='ocrx_word' id='word_1_217' title='bbox 471 2626 662 2665; x_wconf 90' lang='lat' dir='ltr'>sublimis</span> <span class='ocrx_word' id='word_1_218' title='bbox 692 2626 803 2677; x_wconf 84' lang='lat' dir='ltr'>vulg.</span> <span class='ocrx_word' id='word_1_219' title='bbox 972 2637 1056 2676; x_wconf 86' lang='lat'>399</span> <span class='ocrx_word' id='word_1_220' title='bbox 1083 2622 1241 2663; x_wconf 86' lang='lat' dir='ltr'>vexilla</span> <span class='ocrx_word' id='word_1_221' title='bbox 1260 2621 1497 2672; x_wconf 74' lang='lat' dir='ltr'>triumphos</span> <span class='ocrx_word' id='word_1_222' title='bbox 1514 2620 1556 2662; x_wconf 83' lang='lat' dir='ltr'><em>A</em></span> <span class='ocrx_word' id='word_1_223' title='bbox 1702 2634 1786 2670; x_wconf 85' lang='lat'>400</span> <span class='ocrx_word' id='word_1_224' title='bbox 1838 2638 1840 2642; x_wconf 41' lang='lat'>³</span> 
     </span>
     <span class='ocr_line' id='line_1_33' title="bbox 122 2674 1799 2732; baseline -0.002 -14"><span class='ocrx_word' id='word_1_225' title='bbox 122 2679 193 2718; x_wconf 88' lang='lat' dir='ltr'>illa</span> <span class='ocrx_word' id='word_1_226' title='bbox 216 2678 259 2717; x_wconf 91' lang='lat' dir='ltr'><em>P</em></span> <span class='ocrx_word' id='word_1_227' title='bbox 393 2693 475 2730; x_wconf 88' lang='lat'>403</span> <span class='ocrx_word' id='word_1_228' title='bbox 504 2681 698 2732; x_wconf 87' lang='lat' dir='ltr'>placuere</span> <span class='ocrx_word' id='word_1_229' title='bbox 725 2680 794 2719; x_wconf 92' lang='lat' dir='ltr'>P:</span> <span class='ocrx_word' id='word_1_230' title='bbox 821 2679 995 2718; x_wconf 87' lang='lat' dir='ltr'>valuere</span> <span class='ocrx_word' id='word_1_231' title='bbox 1015 2677 1087 2718; x_wconf 78' lang='lat' dir='ltr'>oeS</span> <span class='ocrx_word' id='word_1_232' title='bbox 1218 2690 1300 2728; x_wconf 89' lang='lat'>404</span> <span class='ocrx_word' id='word_1_233' title='bbox 1328 2675 1441 2716; x_wconf 82' lang='lat' dir='ltr'>facta</span> <span class='ocrx_word' id='word_1_234' title='bbox 1458 2674 1508 2714; x_wconf 92' lang='lat' dir='ltr'><em>N</em></span> <span class='ocrx_word' id='word_1_235' title='bbox 1636 2676 1720 2724; x_wconf 86' lang='lat'>408</span> <span class='ocrx_word' id='word_1_236' title='bbox 1747 2675 1799 2716; x_wconf 62' lang='lat' dir='ltr'>si=</span> 
     </span>
     <span class='ocr_line' id='line_1_34' title="bbox 122 2725 1834 2787; baseline -0.003 -14"><span class='ocrx_word' id='word_1_237' title='bbox 122 2746 306 2773; x_wconf 88' lang='lat' dir='ltr'>accenso</span> <span class='ocrx_word' id='word_1_238' title='bbox 325 2734 495 2787; x_wconf 84' lang='lat' dir='ltr'>Bentley</span> <span class='ocrx_word' id='word_1_239' title='bbox 646 2749 727 2785; x_wconf 86' lang='lat'>409</span> <span class='ocrx_word' id='word_1_240' title='bbox 754 2734 1015 2775; x_wconf 86' lang='lat' dir='ltr'>monstrabat</span> <span class='ocrx_word' id='word_1_241' title='bbox 1031 2732 1074 2773; x_wconf 93' lang='lat' dir='ltr'><em>P</em></span> <span class='ocrx_word' id='word_1_242' title='bbox 1226 2744 1310 2780; x_wconf 87' lang='lat'>410</span> <span class='ocrx_word' id='word_1_243' title='bbox 1336 2735 1526 2780; x_wconf 84' lang='lat' dir='ltr'>turpatus</span> <span class='ocrx_word' id='word_1_244' title='bbox 1549 2725 1782 2779; x_wconf 80' lang='lat' dir='ltr'>Wakefield,</span> <span class='ocrx_word' id='word_1_245' title='bbox 1831 2754 1834 2758; x_wconf 90' lang='lat'><em>-</em></span> 
     </span>
     <span class='ocr_line' id='line_1_35' title="bbox 110 2781 1790 2840; baseline -0.004 -13"><span class='ocrx_word' id='word_1_246' title='bbox 110 2789 215 2838; x_wconf 77' lang='lat' dir='ltr'>fort.</span> <span class='ocrx_word' id='word_1_247' title='bbox 246 2793 341 2827; x_wconf 83' lang='lat' dir='ltr'>recte</span> <span class='ocrx_word' id='word_1_248' title='bbox 516 2802 595 2838; x_wconf 85' lang='lat'>413</span> <span class='ocrx_word' id='word_1_249' title='bbox 626 2789 793 2840; x_wconf 86' lang='lat' dir='ltr'>trepido</span> <span class='ocrx_word' id='word_1_250' title='bbox 820 2788 864 2827; x_wconf 93' lang='lat' dir='ltr'><em>P</em></span> <span class='ocrx_word' id='word_1_251' title='bbox 1036 2799 1117 2836; x_wconf 83' lang='lat'>414</span> <span class='ocrx_word' id='word_1_252' title='bbox 1145 2786 1218 2826; x_wconf 85' lang='lat' dir='ltr'>vix</span> <span class='ocrx_word' id='word_1_253' title='bbox 1245 2784 1357 2824; x_wconf 88' lang='lat' dir='ltr'>PK:</span> <span class='ocrx_word' id='word_1_254' title='bbox 1384 2783 1559 2823; x_wconf 84' lang='lat' dir='ltr'>vixdum</span> <span class='ocrx_word' id='word_1_255' title='bbox 1578 2781 1790 2834; x_wconf 73' lang='lat' dir='ltr'><strong><em>BDQNS,</em></strong></span> 
     </span>
     <span class='ocr_line' id='line_1_36' title="bbox 123 2838 1788 2893; baseline -0.002 -13"><span class='ocrx_word' id='word_1_256' title='bbox 123 2855 205 2893; x_wconf 85' lang='lat'>419</span> <span class='ocrx_word' id='word_1_257' title='bbox 232 2855 317 2881; x_wconf 87' lang='lat' dir='ltr'>om.</span> <span class='ocrx_word' id='word_1_258' title='bbox 338 2841 387 2880; x_wconf 95' lang='lat' dir='ltr'><em>N</em></span> <span class='ocrx_word' id='word_1_259' title='bbox 391 2842 421 2892; x_wconf 84' lang='lat'>¹,</span> <span class='ocrx_word' id='word_1_260' title='bbox 435 2857 510 2883; x_wconf 86' lang='lat' dir='ltr'>scr.</span> <span class='ocrx_word' id='word_1_261' title='bbox 525 2843 572 2881; x_wconf 91' lang='lat' dir='ltr'><em>N</em></span> <span class='ocrx_word' id='word_1_262' title='bbox 578 2845 592 2865; x_wconf 80' lang='lat'><strong><em>¹</em></strong></span> <span class='ocrx_word' id='word_1_263' title='bbox 612 2845 719 2893; x_wconf 79' lang='lat' dir='ltr'>(sine</span> <span class='ocrx_word' id='word_1_264' title='bbox 738 2843 841 2891; x_wconf 68' lang='grc' dir='ltr'>νας.)</span> <span class='ocrx_word' id='word_1_265' title='bbox 1035 2854 1115 2892; x_wconf 85' lang='lat'>422</span> <span class='ocrx_word' id='word_1_266' title='bbox 1145 2844 1315 2891; x_wconf 84' lang='lat' dir='ltr'>pararat</span> <span class='ocrx_word' id='word_1_267' title='bbox 1331 2838 1380 2877; x_wconf 94' lang='lat' dir='ltr'><em>N</em></span> <span class='ocrx_word' id='word_1_268' title='bbox 1586 2849 1669 2890; x_wconf 80' lang='lat'>423</span> <span class='ocrx_word' id='word_1_269' title='bbox 1697 2850 1788 2883; x_wconf 68' lang='lat' dir='ltr'>om,</span> 
     </span>
    </p>
   </div>
   <div class='ocr_carea' id='block_1_6' title="bbox 121 2890 1549 2952">
    <p class='ocr_par' dir='ltr' id='par_1_12' title="bbox 121 2890 1549 2952">
     <span class='ocr_line' id='line_1_37' title="bbox 121 2890 1549 2952; baseline -0.005 -13"><span class='ocrx_word' id='word_1_270' title='bbox 121 2896 164 2939; x_wconf 87' lang='lat' dir='ltr'><em>P</em></span> <span class='ocrx_word' id='word_1_271' title='bbox 272 2896 539 2937; x_wconf 86' lang='lat' dir='ltr'>dissensuros</span> <span class='ocrx_word' id='word_1_272' title='bbox 560 2897 718 2937; x_wconf 85' lang='lat' dir='ltr'><em>DNSL</em></span> <span class='ocrx_word' id='word_1_273' title='bbox 740 2911 750 2937; x_wconf 89' lang='lat'>:</span> <span class='ocrx_word' id='word_1_274' title='bbox 782 2897 1051 2952; x_wconf 73' lang='lat' dir='ltr'>dissessuros</span> <span class='ocrx_word' id='word_1_275' title='bbox 1070 2894 1112 2933; x_wconf 90' lang='grc' dir='ltr'><em>Β</em></span> <span class='ocrx_word' id='word_1_276' title='bbox 1131 2908 1140 2934; x_wconf 90' lang='lat'>:</span> <span class='ocrx_word' id='word_1_277' title='bbox 1172 2894 1438 2934; x_wconf 88' lang='lat' dir='ltr'>discessuros</span> <span class='ocrx_word' id='word_1_278' title='bbox 1463 2890 1549 2944; x_wconf 80' lang='lat' dir='ltr'>KQ</span> 
     </span>
    </p>
   </div>
   <div class='ocr_carea' id='block_1_7' title="bbox 1849 0 1884 3204">
    <p class='ocr_par' dir='ltr' id='par_1_13' title="bbox 1849 0 1884 3204">
     <span class='ocr_line' id='line_1_38' title="bbox 1849 0 1884 3204; baseline 0 0"><span class='ocrx_word' id='word_1_279' title='bbox 1849 0 1884 3204; x_wconf 95' lang='lat' dir='ltr'> </span> 
     </span>
    </p>
   </div>
  </div>
 </body>
</html>
