1884 3204
936 64 1350 112 THEBAIDOS
1385 65 1598 112 LIBER
1638 67 1709 113 IV

61 203 179 253 dum
216 200 400 250 tristem
438 199 749 263 Hypsipylen
785 199 995 248 ducibus
1032 201 1236 248 sudatus
1272 200 1485 250 Achaeis
1560 222 1576 229 x

58 282 202 332 ludus
237 290 286 330 et
318 289 422 329 atra
455 296 647 343 sacrum
682 278 852 328 recolit
887 279 1091 328 trieteris
1128 281 1391 342 Ophelten.

74 342 79 353 .
126 362 255 425 Ergo
289 377 382 409 nec
414 359 630 408 ardentis
665 359 851 422 clipeos
887 369 1079 408 vectare
1115 377 1207 409 nec
1242 370 1372 409 artos

52 442 309 493 thoracum
347 456 500 489 nexus
537 439 749 505 (tantum
786 439 890 489 sitis
927 440 1125 489 horrida
1160 440 1330 505 torret)
1629 458 1706 501 7²5

52 520 299 578 sufficiunt
318 539 332 582 3
373 537 473 569 non
511 537 596 569 ora
631 522 784 570 modo
819 520 1138 584 angustisque
1174 521 1357 584 perusti

51 601 289 661 faucibus,
327 600 527 650 interior
561 602 650 650 sed
685 600 757 649 vis
793 601 985 664 quatit3
1024 618 1198 665 aspera
1232 601 1378 665 puISu

53 683 214 741 eorda,
250 682 415 745 gelant
449 698 617 741 venae,
655 691 704 730 et
739 681 880 730 siccis
916 699 1060 731 cruor
1093 699 1236 746 aeger
1269 685 1504 732 adhaeret

48 751 314 812 visceribus
333 780 348 823 ;
389 771 508 811 tunc
543 764 646 811 sole
682 762 848 826 putris,
887 772 1005 812 tunc
1040 765 1240 827 pulvere
1276 766 1419 813 tellus

49 844 239 899 exhalat
273 842 483 892 calidam
521 844 720 892 nubem.
791 861 895 894 non
931 861 1165 908 spumeus
1201 845 1359 894 imber
1625 863 1705 904 '730

47 932 215 973 >manat
250 940 464 986 equum:
506 923 647 973 siccis
683 923 898 974 inlidunt
934 942 1018 974 ora
1052 925 1245 989 lupatis,

47 1018 131 1052 ora
165 1012 413 1053 catenatas
448 1007 619 1068 procul
654 1005 946 1054 exsertantia
979 1006 1200 1070 linguas,

46 1100 139 1134 nec
173 1086 331 1148 legem
367 1085 661 1135 dominosve
695 1086 810 1150 pati,
849 1088 937 1136 sed
972 1087 1173 1151 perfurit
1207 1088 1332 1137 arvis

45 1167 349 1215 flammatum
385 1183 551 1230 pecus.
623 1169 721 1216 huc
757 1167 873 1217 illuc
908 1167 1116 1232 impellit
1151 1171 1392 1218 Adrastus

43 1248 383 1310 exploratores,
422 1248 463 1296 si
498 1257 669 1311 stagna
704 1248 961 1311 Licymnia
995 1259 1192 1310 restent,
1623 1271 1698 1314 735

43 1327 84 1377 si
117 1326 227 1391 quis
262 1330 569 1391 Amymones
605 1339 801 1392 superet
836 1329 1029 1393 liquor:
1067 1331 1236 1379 omnia
1271 1331 1428 1380 caecis
1476 1344 1482 1350 “

41 1406 234 1472 ignibus
270 1409 445 1457 hausta
479 1410 667 1469 sedent,
707 1426 799 1458 nec
836 1427 947 1473 spes
982 1411 1196 1460 umentis
1233 1412 1448 1476 Olympi,

42 1505 132 1538 ceu
167 1490 342 1538 flavam
379 1489 569 1552 Libyen
605 1491 899 1553 desertaque
933 1491 1146 1555 pulveris
1181 1492 1288 1540 Afri
1389 1481 1393 1485 ’

40 1570 341 1619 conlustrent
375 1572 608 1634 nullaque
643 1572 920 1620 umbratam
955 1574 1090 1622 nube
1126 1575 1336 1636 Syenen.

105 1651 333 1699 Tandem
368 1650 495 1701 inter
529 1651 672 1700 silvas
709 1651 800 1717 (sic
837 1653 1028 1702 Euhius
1063 1654 1168 1718 ipse
1203 1654 1414 1719 pararat)
1618 1676 1697 1719 740

39 1739 253 1781 errantes
289 1731 503 1781 subitam
538 1733 833 1796 pulchroin
868 1752 1088 1784 maerore
1123 1745 1323 1784 tuentur

41 1811 382 1876 Hypsipylen3
427 1813 497 1861 illi
532 1814 756 1876 quamvis
791 1824 842 1864 et
875 1816 938 1865 ab
974 1817 1126 1866 ubere
1162 1818 1402 1880 Opheltes

29 1886 140 1942 'non
175 1909 305 1954 suus,
346 1894 539 1943 Inachii
573 1898 735 1959 proles
771 1895 983 1946 infausta
1019 1898 1242 1961 Lycurgi,

39 1974 300 2037 dependet,
340 1978 564 2039 neglecta
597 1993 794 2025 comam
831 1995 923 2026 nec
959 1978 1097 2027 dives
1131 1979 1330 2039 amictu,

37 2056 220 2118 regales
256 2064 423 2104 tamen
458 2073 542 2106 ore
576 2067 738 2117 notae,
777 2074 870 2107 nec
906 2076 1093 2108 mersus
1128 2060 1317 2109 acerbis
1615 2080 1691 2123 745

37 2144 192 2184 exstat
226 2137 400 2185 honos.
472 2146 590 2186 tunc
625 2139 748 2187 haec
782 2141 910 2188 adeo
945 2143 1246 2204 stupefactus
1281 2142 1555 2191 Adrastus:

41 2214 197 2264 ‘Diva
231 2226 408 2280 potens
443 2235 702 2267 nemorum
740 2221 878 2284 (nam
914 2229 962 2269 te
998 2223 1259 2285 vultusque
1294 2224 1555 2286 pudorque

38 2296 229 2345 mortali
264 2298 327 2346 de
363 2297 511 2362 stirpe
545 2298 747 2365 negant)
786 2299 933 2367 [quae
968 2303 1095 2351 laeta
1130 2303 1222 2352 sub
1258 2303 1352 2352 isto

34 2375 147 2440 igne
181 2377 282 2440 poli
318 2395 421 2427 non
456 2380 648 2442 quaeris
683 2380 875 2448 aquas,]
912 2399 1139 2432 succurre
1172 2383 1463 2448 propinquis
1502 2379 1506 2382 '

31 2457 259 2520 gentibus
275 2476 290 2519 3
334 2460 667 2523 Arquitenens
702 2479 789 2512 seu
825 2472 873 2513 te
909 2464 1118 2513 Latonia
1152 2475 1288 2514 casto
1607 2487 1689 2531 750

39 2592 42 2595 '
89 2597 167 2635 722
197 2585 307 2625 Dum
337 2586 404 2637 Q:
443 2602 535 2627 cum
564 2595 647 2630 cett.
868 2604 945 2642 724
973 2599 1144 2643 portare
1166 2593 1234 2632 N:
1264 2600 1434 2634 nectare
1457 2594 1682 2647 (suprascr.

33 2639 212 2692 nexare)
229 2642 271 2679 A
371 2654 448 2691 725
478 2650 613 2683 torret
631 2644 714 2683 PA
737 2660 746 2684 :
766 2651 935 2696 torquet
957 2647 1156 2700 (†torret)
1176 2647 1220 2685 D
1239 2663 1248 2687 τ
1287 2655 1459 2699 torquet
1480 2650 1568 2689 ΒΚ
1569 2651 1687 2701 QNS

33 2695 215 2744 726—727
236 2703 520 2747 angustasque
539 2728 549 2738 .
575 2728 586 2738 .
609 2727 620 2739 .
639 2699 782 2739 fauces
801 2700 842 2738 A
917 2704 994 2751 736
1013 2708 1185 2752 superet
1199 2702 1385 2755 PNLKS
1399 2703 1433 2756 3]
1456 2718 1465 2743 ε
1486 2713 1684 2755 superest

261 2761 339 2798 740
368 2757 534 2801 pararat
548 2753 590 2791 P
608 2767 617 2792 ι
645 2755 820 2803 parabat
839 2769 869 2793 ω
997 2769 1072 2805 742
1100 2757 1153 2796 ad
1174 2757 1303 2796 ubera
1316 2758 1359 2796 P
1498 2771 1574 2808 744
1604 2774 1683 2800 nec

31 2799 141 2841 laeta
163 2801 286 2853 BNQ
306 2804 423 2853 (corr.
442 2806 486 2844 in
517 2805 628 2846 lecta
646 2807 748 2861 ΝΩ)
938 2812 1121 2861 748-749
1148 2812 1266 2851 vsrba
1287 2811 1401 2851 uncis
1420 2813 1578 2853 inclusa
1597 2828 1680 2855 om.

30 2853 84 2906 P,
104 2856 286 2897 exhibent
301 2857 372 2898 ωδ
