1884 3204
168 26 223 73 P.
263 23 507 73 ΡΑΡΙΝΙ
543 23 751 73 STATI

168 163 342 213 avertit
375 165 539 214 bonus
574 165 706 213 error
739 180 910 228 equo3,
947 180 1199 229 puraeque
1233 164 1436 215 nefandi
1749 171 1801 228 '45

169 243 421 308 sanguinis
456 243 671 307 obliquis
707 244 993 294 ceciderunt
1028 245 1208 295 ictibus
1243 247 1426 295 hastae.

169 328 383 375 tendunt
416 327 554 374 frena
588 342 773 387 manu;
821 325 977 375 saevis
1013 326 1285 376 calcaribus
1321 334 1496 390 urgent

168 405 442 455 immeritos
457 423 472 468 3
519 415 686 456 movet
720 415 769 457 et
803 407 1024 470 geminas
1058 407 1338 456 venerabile
1371 406 1543 456 divum

169 486 451 550 prodigium
486 495 688 549 turmas,
722 487 983 557 alienaque
1018 505 1268 541 murmura
1301 489 1506 537 volvunt
1816 551 1817 554 Ἴ

171 577 482 618 mussantes:
528 569 702 618 iterare
738 568 883 627 acies,
922 585 1207 631 procurrere
1242 585 1390 631 saepe
1754 584 1809 627 45

170 649 385 713 impetus
422 658 471 698 et
506 658 668 699 totum
704 648 892 697 miseris
929 665 1183 712 opponere
1217 649 1419 698 bellum.
1813 639 1816 643 ⁴

240 731 546 779 Iamdudum
581 729 719 778 terris
755 737 1003 792 coetuque
1038 731 1227 778 offensa
1261 731 1469 779 deorum

171 827 342 859 aversa
376 809 500 859 caeli
535 809 699 858 Pietas
735 808 787 856 in
822 817 960 872 parte
995 810 1214 869 sedebat,

172 909 276 941 non
311 890 504 951 habitu,
539 906 641 953 quo
676 898 798 938 nota
832 889 985 953 prius,
1019 907 1123 939 non
1159 906 1244 939 ore
1279 906 1468 949 sereno,

173 973 262 1021 sed
297 971 429 1021 vittis
465 979 611 1020 exuta
645 987 861 1032 comam,
895 972 1206 1034 fraternaque
1241 970 1385 1030 bella,

173 1070 265 1102 ceu
302 1069 440 1102 soror
471 1051 642 1101 infelix
676 1061 986 1115 pugnantum
1021 1061 1107 1101 aut
1141 1051 1286 1101 anxia
1319 1060 1491 1111 mater,

174 1134 405 1194 deflebat,
442 1149 746 1196 saevumque
783 1135 957 1181 Iovem
993 1135 1274 1196 Parcasque
1307 1131 1534 1182 nocentis

172 1215 463 1275 vociferanS,
502 1230 710 1277 seseque
744 1213 872 1277 polis
908 1222 957 1263 et
991 1216 1103 1263 luce
1137 1213 1306 1263 relicta

175 1300 527 1346 descensuram
564 1296 731 1345 Erebo
767 1304 816 1344 et
852 1294 1046 1359 Stygios
1082 1295 1182 1344 iam
1217 1297 1364 1344 malle
1399 1293 1606 1358 penatis.
1840 1356 1841 1359 Ἴ

181 1383 191 1404 ⁶
211 1377 350 1441 Quid
375 1379 483 1427 me'
509 1376 577 1426 ait
600 1379 615 1402 ‘
630 1385 686 1425 ut
710 1376 868 1425 saevis
893 1376 1205 1425 animantum
1229 1394 1288 1425 ac
1313 1393 1460 1440 saepe
1485 1377 1694 1425 deorum
1762 1382 1815 1437 46
1835 1389 1837 1391 ’

176 1460 482 1508 obstaturam
517 1457 712 1518 animis,
750 1457 980 1522 princeps
1018 1459 1223 1518 Natura,
1262 1458 1502 1506 creabas?
1828 1459 1831 1463 ’

176 1541 245 1589 nil
281 1541 380 1589 iam
416 1557 509 1604 ego
543 1556 631 1603 per
665 1541 893 1603 populos,
931 1556 1179 1602 nusquam
1214 1537 1484 1588 reverentia
1518 1537 1690 1587 nostri.

178 1639 208 1671 o
244 1623 390 1682 furor,
430 1637 462 1669 o
496 1619 740 1680 homines,
780 1620 1016 1684 diraeque
1053 1621 1377 1670 Prometheos
1412 1623 1574 1669 artes!

178 1720 329 1766 quam
365 1702 495 1751 bene
529 1710 643 1765 post
679 1703 916 1764 Pyrrham
950 1703 1094 1750 tellus
1129 1710 1414 1765 pontusque
1448 1701 1692 1750 vacabant
1714 1703 1739 1770 l

178 1802 241 1832 en
278 1784 484 1832 mortale
519 1798 675 1846 genus
696 1784 731 1830 1’
780 1781 917 1842 dixit,
954 1783 1307 1846 speculataque
1342 1791 1539 1846 tempus

184 1864 446 1914 ‘auxilium
482 1865 810 1927 temptemus'
845 1862 914 1911 ait
953 1862 1094 1912 ‘licet
1129 1862 1275 1912 inrita
1308 1865 1489 1913 coner.'

179 1946 478 2009 desiluitque
512 1947 643 2009 polo,
682 1944 857 1994 niveus
893 1945 986 1994 sub
1021 1943 1240 1993 nubibus
1274 1943 1390 1993 atris

181 2044 487 2092 quamquam
522 2036 711 2076 maesta
745 2028 870 2075 deae
906 2025 1127 2089 sequitur
1162 2025 1366 2089 vestigia
1399 2025 1555 2075 limes.

180 2111 260 2159 vix
296 2117 496 2159 steterat
532 2124 724 2172 camp0,
765 2106 929 2156 subita
964 2123 1310 2156 mansuescere
1346 2123 1469 2170 pace

181 2190 380 2255 agmina
414 2188 683 2253 sentirique
718 2190 889 2249 nefas;
934 2197 1054 2238 tunc
1090 2205 1175 2237 ora
1210 2189 1504 2237 madescunt
1751 2202 1820 2250 *47
1853 2229 1883 2253 Α,

183 2281 484 2337 pectoraque
519 2279 568 2320 et
603 2269 781 2320 tacitus
817 2269 1063 2334 subrepsit
1098 2269 1325 2318 fratribus
1362 2271 1545 2318 horror.

238 2413 319 2451 452
348 2413 476 2440 manu
491 2400 558 2440 P:
586 2412 714 2439 manu
735 2406 778 2439 et
794 2399 862 2439 ωδ
941 2410 1023 2450 454
1051 2399 1274 2448 alienaque
1288 2398 1330 2436 P
1344 2398 1415 2450 (cf.
1436 2398 1729 2438 Horatianum
1749 2398 1826 2438 illu
1850 2413 1853 2415 ’

188 2460 199 2478 ‘
212 2457 335 2496 malis
355 2455 509 2494 alienis
523 2454 554 2508 ')
574 2469 583 2494 ε
611 2455 862 2504 alternaque
881 2454 951 2493 ωδ
1049 2465 1131 2504 455
1159 2453 1273 2493 acies
1290 2452 1373 2491 ΡΑ
1395 2468 1404 2492 :
1432 2453 1566 2493 aciem
1586 2452 1656 2492 ωδ
1816 2471 1837 2505 ⁸:
1879 2497 1882 2499 Α

188 2512 388 2551 cumbere
406 2509 450 2549 A
573 2521 652 2561 457
683 2515 914 2559 coetusque
932 2508 975 2547 P
1109 2509 1189 2557 458
1217 2520 1369 2547 aversa
1389 2514 1454 2547 est
1472 2508 1514 2546 P
1657 2519 1740 2558 459
1767 2521 1792 2546 ο
1833 2558 1837 2562 Ι
1879 2503 1881 2527 ἶ

185 2565 319 2605 ΒΚΝ
424 2565 507 2614 460
536 2564 590 2603 Et
609 2563 724 2602 vitiis
743 2563 785 2602 P
891 2565 972 2613 462
992 2575 1167 2602 saevum
1192 2563 1291 2615 (que
1307 2563 1430 2613 eras.)
1450 2561 1493 2600 P
1596 2560 1747 2601 ‘Iovem
1766 2574 1790 2601 o
1834 2573 1837 2591 ³
1879 2558 1883 2597 ζ

187 2621 228 2659 Ρ
382 2621 463 2669 464
493 2619 763 2658 decessuram
785 2617 824 2667 Q
934 2617 1049 2656 mille
1065 2617 1122 2655 Pl
1144 2631 1153 2656 :
1181 2616 1292 2655 velle
1310 2616 1367 2654 P²
1387 2630 1396 2655 ε
1425 2617 1552 2656 molle
1573 2616 1612 2666 Q
1806 2636 1817 2649 ο

188 2682 234 2714 ut
254 2687 385 2726 saepe
402 2674 442 2724 Q
560 2675 642 2722 466
662 2685 869 2722 praeceps
885 2672 1110 2724 (suprascr.
1125 2671 1345 2722 princeps)
1369 2670 1408 2720 Q
1517 2672 1595 2722 467
1626 2684 1755 2721 numq
1791 2689 1799 2703 τ
1821 2691 1826 2703 2
1879 2671 1882 2711 Ϊ

189 2729 229 2766 P
421 2729 503 2778 468
530 2741 614 2769 om.
634 2726 677 2765 P
785 2727 947 2777 dirique
966 2726 1096 2776 DQB
1117 2728 1185 2779 (ex
1202 2726 1403 2775 diraeque
1422 2738 1524 2765 corr.
1547 2724 1604 2775 Q)
1869 2719 1881 2739 ‘⁴

189 2782 363 2822 vacabat
381 2782 423 2820 P
441 2796 449 2821 ε
476 2788 677 2822 vacarent
697 2780 789 2821 DN
796 2781 811 2803 ²
962 2793 1038 2830 471
1070 2781 1270 2819 auxilium
1289 2779 1355 2818 P:
1384 2779 1545 2818 auxilio
1565 2779 1635 2818 ωδ

191 2838 295 2877 atris
314 2836 521 2877 Schrader
534 2849 582 2876 ex
602 2837 652 2878 L.
675 2836 750 2888 qm‘
769 2837 779 2859 ⁴
791 2835 936 2886 nigras
955 2835 1091 2875 nubes
1109 2835 1118 2849 ⁹
1139 2834 1258 2875 habet
1276 2834 1334 2887 (v.
1356 2835 1454 2886 473)
1477 2848 1488 2874 ι
1515 2833 1614 2874 altis
1634 2833 1747 2875 codd.
