1884 3204
960 88 1372 136 THEBAIDOS
1411 89 1624 136 LIBER
1661 89 1736 137 IV

12 218 19 262 -Ῐ
82 224 283 275 exitium
319 235 367 274 et
404 227 614 273 multum
651 226 841 287 placata
877 221 1150 271 minoribus
1186 223 1374 283 umbra,

12 295 14 297 .
59 323 206 371 ,quos
243 306 518 355 miserande
554 304 716 368 fugis?
762 304 888 353 iacet
923 303 1005 351 ille
1040 303 1090 351 in
1127 305 1298 352 funere
1333 305 1496 367 longo,

11 395 13 398 ’
81 403 229 451 quem
265 386 443 445 fremis,
481 394 529 434 et
564 385 760 434 iunctae
795 383 943 433 sentit
978 382 1195 432 confinia
1230 383 1414 444 mortis,
1656 393 1732 445 615

73 454 268 517 'obsitus
304 468 565 516 exhaustos
600 467 815 529 paedore
851 474 899 514 et
934 464 1171 554 sanguine
1206 466 1368 513 vultus

19 539 21 541 ’
80 547 362 610 eiectusque
397 547 507 596 die:
555 563 658 595 sors
693 548 793 595 leto
828 545 995 594 durior
1030 544 1180 604 omni,

56 630 226 678 crede
262 628 412 677 mihi!
460 644 706 691 quaenam
742 626 1041 675 immeritum
1078 625 1229 674 vitare
1265 602 1500 689 nepotem

72 725 227 764 causa
262 708 390 758 tibi?
431 710 600 758 confer
634 710 824 757 vultum
861 716 910 756 et
946 706 1121 756 satiare
1157 706 1329 754 litanti

81 789 318 854 sanguine
353 798 681 852 venturasque
716 787 846 837 vices
883 796 932 836 et
966 789 1139 836 funera
1174 786 1290 836 belli
1656 798 1740 837 620

22 873 32 883 ’
77 873 242 935 pande
276 873 353 920 vel
388 870 607 920 infensus
642 871 719 919 vel
754 886 829 919 res
867 868 1092 918 miserate
1127 877 1339 917 tuorum.
1430 853 1447 869 ⁸

77 961 196 1001 tunc
231 968 323 1015 ego
360 961 407 1000 te
443 960 612 1014 optata
646 949 846 999 vetitam
883 949 1212 999 transmittere
1250 951 1444 998 Lethen

77 1049 243 1097 puppe
278 1033 412 1081 dabo
447 1031 800 1095 placidumque
835 1030 917 1094 pia
951 1032 1124 1080 tellure
1160 1046 1398 1093 reponam

34 1151 36 1154 ψ
77 1123 124 1164 et
160 1099 341 1177 Stygiis
373 1113 624 1162 mandabo
660 1112 796 1162 deis.'
866 1113 1108 1161 mulcetur
1142 1111 1344 1160 honoris

77 1193 361 1243 muneribus
397 1193 639 1256 tingitque
673 1210 841 1257 genas,
876 1192 993 1242 dein
1029 1191 1145 1241 talia
1179 1192 1370 1241 reddit:
1654 1201 1733 1252 625

79 1279 91 1300 ‘
110 1275 212 1325 Cur
245 1274 335 1324 tibi
371 1274 582 1323 versanti
619 1273 792 1334 manis,
830 1290 1080 1336 aequaeve
1116 1274 1359 1333 sacerd08‚

77 1358 231 1405 lectus
267 1371 359 1418 ego
393 1355 598 1418 augurio
634 1354 883 1417 tantisque
918 1353 1204 1418 potissimus
1247 1353 1449 1414 umbris,

77 1436 160 1500 qui
195 1445 399 1485 ventura
434 1438 643 1499 loquar?
684 1434 800 1484 satis
836 1443 910 1484 est
945 1433 1230 1483 meminisse
1265 1431 1496 1498 priorum.

77 1525 306 1568 nostrane
340 1516 586 1581 praeclari,
625 1517 824 1579 pudeat,
863 1517 1087 1564 consulta
1124 1524 1331 1578 nepotes

77 1597 316 1663 poscitis?
361 1597 513 1656 illurn,
553 1597 688 1645 illum
727 1596 875 1646 sacris
909 1595 1145 1645 adhibete
1181 1595 1395 1656 nefastis,
1655 1604 1731 1656 630

78 1678 163 1742 qui
198 1680 328 1727 laeto
363 1678 489 1727 fodit
524 1695 642 1727 ense
683 1687 887 1742 patrem,
926 1677 1013 1741 qui
1049 1686 1206 1726 semet
1242 1677 1293 1726 in
1331 1687 1465 1727 ortus

76 1759 217 1809 vertit
251 1769 300 1808 et
334 1759 566 1823 indignae
601 1753 775 1823 regerit
810 1775 899 1807 sua
933 1758 1138 1822 pignora
1174 1758 1330 1808 matri.

25 1897 30 1902 ,
77 1850 126 1890 et
159 1857 293 1889 nunc
329 1840 410 1889 ille
445 1842 567 1889 deos
605 1839 959 1903 Furiarurnque
994 1848 1098 1888 atra
1132 1839 1302 1903 fatigat

76 1921 285 1970 concilia
320 1930 369 1970 et
405 1930 598 1970 nostros
634 1929 772 1984 rogat
809 1922 932 1969 haec
967 1920 1019 1968 in
1055 1919 1241 1983 proelia
1277 1919 1450 1968 manis.

75 2004 211 2067 quod
247 2001 287 2051 si
322 2004 450 2051 adeo
480 2001 643 2064 placui
678 2002 910 2050 deflenda
944 2000 995 2048 in
1031 2010 1255 2064 tempora
1288 2009 1437 2059 vates,
1649 2008 1729 2061 635

78 2083 240 2133 dicam
277 2082 524 2146 equidem,
563 2099 663 2145 quo
701 2098 781 2130 me
817 2081 1071 2142 Lachesis,
1106 2098 1207 2145 quo
1244 2090 1382 2131 torva
1419 2084 1653 2145 Megaera

79 2180 236 2227 usque
271 2162 466 2212 sinunt:
515 2163 715 2223 bellum,
753 2161 1015 2211 innumero
1050 2161 1184 2211 venit
1220 2162 1444 2227 undique
1480 2163 1667 2212 bellum

79 2242 290 2306 agmine,
327 2245 674 2306 Lernaeosque
710 2242 855 2292 trahit
890 2243 1049 2292 fatalis
1084 2245 1312 2292 alumnos

81 2324 323 2373 Gradivus
359 2323 567 2373 stimulis
583 2343 598 2385 3
644 2325 735 2372 hos
772 2333 926 2372 terrae
961 2333 1180 2373 monstra
1214 2318 1482 2388 deumque*

78 2406 175 2454 tela
210 2414 411 2453 manent
446 2404 737 2468 pulchrique
773 2404 938 2453 obitus
974 2413 1022 2454 et
1056 2405 1121 2453 ab
1157 2404 1270 2468 igne
1307 2421 1538 2468 supremo
1654 2415 1736 2467 640

72 2494 246 2534 -sontes
281 2487 388 2549 lege
423 2502 604 2535 morae.
677 2494 809 2534 certa
844 2494 918 2535 est
951 2485 1156 2535 victoria
1190 2486 1392 2546 Thebis,

42 2604 44 2606 V
127 2615 208 2663 613
237 2614 407 2653 exilium
429 2614 472 2652 P
577 2615 655 2663 614
685 2627 767 2666 quo
782 2614 869 2653 ΡΝ
883 2612 997 2664 (cum
1018 2614 1205 2665 raS.sur’t
1221 2613 1374 2664 quos):
1403 2627 1486 2664 quo
1504 2614 1678 2666 (†quos)
1696 2615 1735 2666 Q

9 2703 11 2707 .
77 2667 118 2707 in
136 2680 218 2708 om.
237 2667 279 2706 B
360 2669 534 2708 vulnere
554 2670 594 2707 A
708 2671 787 2718 615
817 2669 962 2707 fremis
975 2668 1231 2707 PHet‘nsius
1248 2682 1258 2707 ε
1287 2669 1444 2719 premis
1456 2668 1525 2708 ωδ
1541 2669 1602 2721 (in
1618 2682 1701 2709 ras.
1721 2672 1734 2710 3

75 2722 144 2776 N)
316 2724 398 2761 616
427 2723 653 2762 exhaustos
673 2722 745 2762 D.
783 2723 986 2762 exhausto
1013 2722 1101 2761 ΡΝ
1123 2723 1185 2774 (in
1207 2736 1289 2762 ras.
1314 2723 1398 2761 N
1406 2723 1499 2774 fuit
1515 2724 1631 2774 ·:os)
1661 2737 1734 2762 ex-

9 2775 11 2778 ’
77 2776 252 2816 haustus
280 2775 444 2827 BKQS
465 2778 525 2828 (in
556 2790 623 2816 -os
653 2790 750 2816 corr.
775 2783 841 2829 pr.
871 2790 928 2818 m.
955 2777 1007 2827 Q,
1036 2790 1108 2816 sec.
1139 2790 1196 2816 m.
1226 2776 1278 2828 S)
1490 2780 1572 2829 619
1599 2777 1734 2818 litanti

76 2843 173 2870 corr.
198 2831 242 2869 in
263 2831 381 2870 litato
403 2831 442 2881 Q
550 2834 632 2870 620
660 2831 827 2883 funera]
854 2831 934 2882 legae
949 2845 1030 2870 non
1045 2836 1176 2883 potest
1191 2831 1236 2869 N
1255 2831 1361 2881 (fuzt
1379 2832 1495 2886 ruine
1508 2835 1543 2884 ἓ)
1652 2834 1732 2871 622

79 2890 122 2924 te
144 2884 230 2925 edd.
251 2889 367 2926 vett.·
359 2916 367 2923 .
396 2892 437 2924 et
458 2885 569 2925 codd.
764 2887 847 2934 630
875 2899 901 2925 o
926 2886 1041 2925 illum
1060 2885 1127 2927 N:
1157 2899 1260 2936 ergo
1281 2886 1397 2925 illum
1417 2885 1459 2924 A
1653 2890 1731 2938 631

11 2968 13 2970 -
81 2939 197 2978 dedit
216 2938 304 2978 edd.
325 2944 416 2980 vett.
581 2941 662 2990 635
693 2940 861 2991 placuto
883 2939 926 2979 P
