1884 3204
189 93 244 138 P.
282 91 524 139 ΡΑΡΙΝΙ
562 92 766 140 STATI

189 238 238 278 et
274 229 433 294 rapidi
468 247 670 292 currus3
716 230 894 294 premit
928 230 1173 295 indigesta
1207 220 1394 280 ruentis
1840 231 1862 263 ἵ

189 311 366 375 copia„
385 328 478 360 nec
516 327 622 360 sese
657 320 798 360 vacat
834 321 1080 362 ostentare
1116 329 1208 362 nec
1237 314 1433 362 hostem
1749 310 1866 369 620*

189 409 407 441 noscere.
481 392 551 441 sic
588 392 762 442 subitis
798 394 1043 443 Thebana
1076 393 1358 457 Argivaque
1394 392 1552 456 pubes
1848 387 1861 392 ”

190 472 453 522 conflixere
489 473 649 536 globis
667 492 681 534 3
739 483 867 523 retro
903 474 1078 524 vexilla
1113 474 1364 536 tubaeque

189 562 302 616 post
337 563 527 618 tergum
565 564 613 604 et
648 554 756 604 litui
793 555 979 604 bellum
1014 555 1246 604 invenere
1282 552 1452 603 secuti.

190 644 355 683 tantus
391 636 456 684 ab
493 635 668 700 exiguo
706 636 952 701 crudescit
987 636 1227 700 sanguine
1266 637 1497 684 Mavors!

191 726 366 765 ventus
403 717 475 766 uti
500 718 694 781 ‚primas
732 708 873 767 struit
908 718 1035 767 inter
1070 717 1242 767 nubila
1276 717 1404 776 viris,
1773 724 1860 783 625

190 796 314 846 lenis
349 799 527 858 adhuc,
566 800 866 862 frondesque
902 808 952 848 et
985 808 1153 862 aperta
1188 798 1448 848 cacumina
1482 806 1651 861 gestat,

192 894 308 926 mox
342 878 503 941 rapuit
538 896 714 927 nemus
751 888 800 927 et
835 887 1030 927 montes
1066 878 1298 942 patefecit
1333 895 1532 942 opacos.
1842 880 1867 926 ἔ

260 960 411 1007 Nunc
445 975 548 1022 age,
590 959 779 1008 Pieriae
816 959 941 1024 (non
976 976 1063 1008 vos
1100 959 1384 1023 longinqua,
1425 975 1631 1019 sorores,
1850 951 1869 1027 5

193 1038 534 1105 consulimus),
573 1049 757 1089 vestras
784 1040 924 1090 *acies
960 1049 1274 1104 vestramque
1309 1042 1484 1090 referte
1836 1031 1874 1106 {³

192 1120 443 1182 Aoniam,
489 1120 678 1170 vidistis
715 1121 862 1182 enim,
903 1124 1024 1171 dum
1063 1124 1224 1171 Marte
1259 1121 1541 1186 propinquo
1778 1110 1873 1184 6331

191 1205 392 1251 horrent
428 1204 711 1266 Tyrrhenos
750 1203 1020 1253 Heliconia
1054 1206 1242 1268 plectra
1277 1205 1531 1252 tumultus.

152 1281 202 1297 ”””
261 1283 522 1333 Sidonium
560 1286 786 1334 Pterelan
824 1284 1023 1349 sonipes
1060 1287 1188 1334 male
1224 1285 1353 1334 fidus
1389 1283 1441 1332 in
1475 1283 1622 1333 armis

191 1374 504 1429 rumpentem
540 1367 704 1415 frenos
741 1366 933 1416 diversa
969 1384 1056 1431 per
1089 1365 1286 1429 agmina
1322 1374 1481 1429 raptat

191 1446 290 1495 iam
326 1446 462 1507 liber,
504 1447 574 1496 sic
610 1450 739 1497 fessa
774 1465 980 1497 manus:
1023 1447 1158 1497 venit
1193 1449 1336 1496 hasta
1370 1464 1458 1511 per
1493 1461 1659 1496 armos

191 1529 392 1591 Tydeos
429 1538 477 1577 et
512 1530 707 1578 laevum
743 1529 909 1579 iuveni
943 1529 1302 1579 transverberat
1337 1528 1520 1592 inguen

191 1609 544 1673 labentemque
581 1610 752 1674 adfigit
789 1628 920 1675 equo
937 1630 950 1673 3
999 1611 1122 1675 fugit
1158 1611 1240 1660 ille
1275 1618 1536 1675 perempto

192 1700 447 1740 consertus
484 1691 705 1751 domino,
746 1709 839 1741 nec
874 1692 973 1741 iam
1009 1710 1145 1741 arma
1180 1701 1265 1741 aut
1300 1694 1438 1740 frena
1462 1692 1726 1740 'tenentem
1855 1709 1878 1753 g„

116 1767 118 1769 ’
191 1781 352 1835 portat
387 1774 585 1822 adhuc:
634 1790 726 1822 ceu
763 1775 989 1823 nondum
1025 1773 1191 1823 anima
1227 1775 1450 1822 defectus
1486 1782 1694 1836 utraque
1858 1773 1873 1810 ἓ

191 1871 305 1902 cum
342 1870 431 1902 sua
468 1855 746 1904 Centaurus
783 1854 999 1904 moriens
1035 1855 1087 1902 in
1124 1864 1258 1918 terga
1293 1853 1553 1903 recumbit.
1856 1852 1881 1920 {⁷

192 1944 344 1983 certat
380 1951 505 1999 opus
542 1935 691 1984 ferri:
739 1944 964 1985 sternunt
999 1938 1187 1985 alterna
1221 1937 1438 1984 furentes
1779 1922 1884 2051 64οξ·

1859 2104 1875 2130 'a

1859 2182 1871 2208 1

1862 2263 1872 2287 ἱ

193 2016 558 2080 Hippomedon
596 2016 816 2080 Sybarin,
857 2016 1052 2080 Pylium
1091 2015 1390 2080 Periphanta
1426 2018 1747 2077 Menoeceus,

191 2100 596 2162 Parthenopaeus
636 2101 779 2161 Ityn:
829 2098 1026 2162 Sybaris
1062 2098 1190 2147 iacet
1226 2114 1344 2147 ense
1382 2106 1602 2158 cruento,

192 2180 398 2244 cuspide
435 2190 544 2229 trux
581 2180 830 2244 Periphas,
872 2183 974 2244 Itys
1011 2180 1277 2230 insidiante
1313 2181 1500 2244 sagitta.

191 2263 418 2312 Caeneos
458 2262 651 2311 Inachii
688 2264 815 2312 ferro
854 2262 1131 2311 Mavortius
1170 2264 1411 2311 Haemon
1864 2327 1868 2332 ,

192 2345 320 2392 colla
356 2343 494 2408 rapit,
536 2344 615 2393 cui
653 2344 913 2394 dividuum
951 2354 1084 2393 trans
1122 2361 1300 2408 corpus
1336 2342 1530 2392 hiantes
1779 2339 1872 2403 645⁴

191 2435 422 2474 truncum
460 2425 591 2474 oculi
627 2435 884 2488 quaerunt,
923 2427 1118 2474 animus
1155 2434 1338 2489 caput,
1385 2441 1522 2473 arma
1557 2423 1761 2474 iacentis

192 2506 290 2555 iam
327 2507 549 2570 rapiebat
586 2507 754 2557 Abas:
799 2525 953 2556 cornu
990 2509 1263 2571 deprensus
1299 2507 1493 2555 Achiva

193 2587 380 2638 dimisit
417 2588 632 2638 moriens
668 2589 884 2653 clipeum
920 2589 1254 2652 hostilemque
1291 2605 1549 2652 suumque.

248 2719 327 2770 622
356 2718 648 2757 coniuncxere
668 2717 711 2755 P
897 2719 979 2766 623
1008 2718 1206 2768 bellumq.
1230 2717 1365 2756 iniere
1383 2716 1431 2755 N
1603 2699 1682 2767 624
1710 2715 1755 2755 in
1773 2727 1870 2760 am-⁴

194 2772 321 2822 biguo
343 2772 384 2810 P
571 2774 651 2821 625
681 2773 793 2810 inter
812 2771 880 2811 ωδ
900 2786 909 2812 :
953 2773 1064 2811 intra
1085 2772 1127 2810 P
1312 2773 1392 2820 632
1421 2771 1535 2810 arvis
1554 2770 1597 2809 P
1773 2771 1860 2820 635

194 2826 339 2864 iuveni
358 2826 523 2876 PBKQ
543 2840 552 2865 ε
580 2828 744 2865 iuvenis
763 2826 888 2865 DNS
1079 2828 1163 2875 640
1191 2832 1388 2865 sternunt
1406 2825 1473 2865 P:
1500 2829 1774 2875 sternuntque
1792 2822 1870 2870 ωδ

193 2882 270 2929 641
302 2880 553 2932 interpunxit
570 2882 740 2931 Bentley
931 2883 980 2929 64
987 2892 1011 2930 5
1042 2882 1107 2924 cui
1127 2894 1207 2930 om.
1231 2879 1276 2918 D
1416 2881 1638 2919 deciduum
1658 2877 1869 2918 Heinsius

194 2937 275 2986 646
302 2948 359 2973 an
379 2948 552 2975 umerus
572 2939 727 2986 caput?
840 2935 996 2975 iacenti
1019 2935 1058 2986 Q
1221 2937 1300 2985 647
1331 2936 1562 2986 depressus
1581 2933 1711 2975 Prisc.
1730 2933 1785 2973 vi.
1805 2932 1868 2983 83'
