1884 3204
0 2926 3 2939 Ἰ

1 2950 4 2997 ἑ

0 3030 4 3054 Ι

1000 60 1412 112 THEBAIDOS
1449 65 1663 113 LIBER
1700 67 1745 112 V

11 251 14 258 Δ
97 218 243 268 quem
280 217 381 250 non
417 200 522 264 ipse
557 201 707 249 deum
744 209 876 248 sator
909 210 1196 263 aspernetur
1231 202 1471 250 honorem
1491 220 1503 261 3

9 286 11 294 '
79 283 174 347 ,dic
205 298 308 346 age,
346 282 547 345 quando
581 279 676 328 tuis
711 281 894 328 alacres
928 279 1210 329 absistimus
1246 281 1405 341 undiS,

13 360 21 411 ’ζ
93 379 218 429 quae
252 364 430 412 domus
463 370 548 409 aut
582 362 739 420 telluS,
776 359 993 408 animam
1030 361 1210 423 quibus
1246 363 1464 411 hauseris
1500 362 1678 412 astris?

92 443 173 495 dic
207 442 315 506 quis
350 451 398 491 et
433 441 513 489 ille
548 443 723 504 pater?
771 458 934 504 neque
971 441 1104 490 enirn
1142 442 1231 490 tibi
1267 442 1473 492 numina
1509 445 1670 506 longe,

90 522 329 575 transierit
363 524 557 571 fortuna
591 521 718 582 licet,
758 521 1011 585 maiorque
1047 539 1133 586 per
1168 540 1252 572 ora
1694 533 1745 575 26

18 640 20 642 -
74 602 302 668 sanguis,
336 612 384 651 et
419 601 619 651 adflicto
655 602 804 666 spirat
838 603 1108 652 reverentia
1143 599 1341 652 vultus

106 719 133 748 ῃ.
158 682 384 747 Ingemit,
421 692 470 731 et
506 684 707 746 paulum
744 685 861 732 fletu
898 693 1128 732 cunctata
1162 686 1391 734 modesto

91 763 319 814 Lemnias
355 779 465 811 orsa
499 764 670 812 refert:
722 768 734 790 ‘
754 763 999 813 Immania
1033 767 1247 826 vulnera,
1286 776 1458 827 rector,

88 843 324 908 integrare
360 842 528 902 iubes,
555 843 723 893 Furias
759 854 807 893 et
843 847 1071 895 Lemnon
1107 855 1156 895 et
1190 846 1305 895 artis
1694 868 1745 907 30

79 940 222 974 ⁴arma
256 923 437 973 inserta
471 924 588 987 toris
624 925 998 990 debellatosque
1033 929 1271 991 pudendo

9 998 16 1024 ⁴
87 1021 205 1055 ense
240 1022 396 1054 mares
414 1023 427 1066 3
474 1005 599 1054 redit
621 1011 750 1055 'eece
778 1009 922 1057 nefas
958 1017 1006 1057 et
1041 1007 1214 1071 frigida
1248 1009 1386 1058 cordi

70 1085 340 1135 Eumenis.
411 1102 442 1134 o
478 1085 698 1147 miserae,
735 1087 915 1150 quibus
952 1088 1032 1138 hic
1068 1091 1201 1139 furor
1235 1091 1463 1140 additus!
1507 1108 1538 1141 o
1573 1095 1704 1141 nox!

88 1182 119 1216 0
153 1170 317 1230 pater!
364 1166 446 1216 illa
480 1183 572 1230 ego
607 1163 737 1227 nam,
775 1171 959 1231 pudeat
995 1187 1058 1219 ne
1093 1172 1217 1219 forte
1254 1171 1497 1235 benignae

88 1245 308 1310 hospitis,
346 1246 444 1307 illa,
479 1248 644 1307 duces,
685 1254 878 1312 raptum
914 1267 1042 1313 quae
1078 1252 1183 1300 sola
1218 1262 1471 1314 parentem
1691 1273 1742 1315 35

88 1326 294 1376 occului.
367 1327 487 1390 quid
523 1330 670 1391 longa
706 1330 845 1379 malis
883 1331 1082 1380 exordia
1116 1335 1302 1381 necto?

85 1416 135 1457 et
169 1423 256 1456 vos
290 1424 424 1456 arma
458 1418 638 1457 vocant
673 1410 936 1474 magnique
971 1411 1022 1460 in
1058 1414 1208 1461 corde
1242 1423 1454 1475 paratus.

6 1478 9 1524 ἶ
88 1489 185 1537 hoc
219 1504 518 1538 memorasse
529 1528 541 1544 ,r
553 1494 627 1538 sat
662 1500 768 1541 est:
821 1493 954 1540 claro
988 1502 1218 1555 generata
1253 1495 1484 1547 Thoante

6 1590 9 1611 2
86 1567 332 1618 servitium
370 1569 645 1633 Hypsipyle
680 1571 826 1620 vestri
861 1574 964 1622 fero
999 1583 1144 1636 capta
1179 1575 1419 1638 Lycurgi.'

151 1650 419 1700 Advertere
453 1650 660 1711 animos,
699 1652 953 1723 maiorque
989 1663 1037 1703 et
1072 1656 1263 1704 honora
1297 1655 1452 1706 videri
1688 1678 1745 1720 40

2 1709 9 1759 ξ
86 1745 270 1793 parque
305 1731 441 1794 operi
476 1741 646 1793 tant03
693 1734 882 1783 cunctis
918 1744 1041 1784 tunc
1072 1753 1278 1786 noscere
1313 1754 1456 1787 casus

0 1791 2 1807 ⁴
86 1820 220 1860 ortus
253 1828 410 1873 amor,
443 1822 581 1876 pater
613 1823 729 1863 ante
763 1815 886 1865 alios
922 1818 1143 1866 hortatur
1178 1820 1450 1869 Adrastus:

29 1880 33 1884 ⁴
90 1893 282 1940 ‘Immo
316 1909 421 1957 age,
458 1894 579 1941 dum
602 1894 759 1957 >primi
795 1898 940 1960 longe
976 1899 1151 1947 damus
1186 1899 1385 1961 agmina
1419 1901 1552 1965 vulgi

0 1955 3 2001 ⁴³
87 1971 202 2035 (nec
236 1971 390 2021 facilis
428 1975 620 2024 Nemea
655 1976 776 2024 latas
811 1979 1034 2027 evolvere
1070 1978 1198 2039 viris,
1228 1990 1236 2002 ·

87 2051 270 2116 quippe
306 2054 510 2119 obtenta
544 2055 699 2104 comis
736 2065 784 2106 et
820 2056 1146 2108 ineluctabilis
1183 2060 1396 2126 umbra),
1689 2065 1744 2124 45⁴

87 2134 251 2196 pande
286 2135 422 2182 nefas
458 2137 729 2199 laudesque
765 2147 872 2187 tuas
907 2139 1218 2204 gemitusque
1253 2150 1463 2203 tuorum,

89 2215 222 2263 unde
257 2215 347 2263 hos
382 2216 615 2265 advenias
651 2235 801 2281 regno
836 2219 1027 2269 deiecta
1062 2222 1284 2271 labores.'

156 2295 317 2344 Dulce
352 2296 487 2359 loqui
523 2297 710 2347 miseris
746 2309 1032 2364 veteresque
1066 2304 1301 2352 reducere
1336 2314 1573 2367 questus:

86 2372 287 2437 incipit:
327 2379 555 2440 ‘Aegaeo
589 2379 825 2441 premitur
860 2381 1145 2432 circumflua
1181 2386 1346 2434 Nereo

69 2455 316 2515 Lemnos,
355 2456 440 2505 ubi
477 2457 680 2521 ignifera
713 2461 868 2510 fessus
904 2463 1106 2526 respirat
1141 2465 1204 2513 ab
1240 2468 1404 2516 Aetna
1692 2472 1747 2531 50'

38 2587 40 2589 ,
88 2536 363 2596 Mulciber3
410 2537 596 2602 ingenti
631 2542 854 2591 tellurem
890 2544 1139 2607 proximus
1175 2547 1350 2596 umbra

82 2672 87 2676 ·
121 2708 123 2711 ,
139 2675 190 2713 23
210 2665 451 2705 absistimus
467 2667 549 2706 ΡΙ)
567 2683 577 2708 :
596 2669 835 2711 adsistimus
854 2671 942 2711 ΒΚ
942 2672 1018 2723 QS
1033 2689 1042 2714 ε
1062 2676 1330 2715 consistimus
1346 2677 1414 2729 (ad
1435 2685 1527 2729 sup.
1546 2681 1625 2718 con
1644 2680 1739 2727 scr.)

86 2715 132 2755 N
313 2731 367 2769 39
387 2727 511 2771 capta
529 2722 720 2774 (†rapta)
735 2725 778 2763 D
969 2740 1022 2777 43
1050 2742 1070 2766 e
1083 2735 1265 2769 contextu
1281 2745 1363 2771 om.
1381 2733 1424 2770 in
1441 2747 1575 2784 marg.
1590 2734 1686 2774 add.
1705 2734 1744 2784 Q

3 2784 5 2788 ·
83 2774 137 2820 *44
155 2770 276 2812 facile
295 2780 362 2814 est
377 2774 420 2813 D
519 2778 572 2826 48
599 2777 837 2817 Adrastum
858 2782 970 2820 hunc
986 2795 1151 2822 versum
1177 2784 1294 2835 loqui
1316 2786 1463 2825 volunt
1486 2787 1598 2828 codd.
1620 2789 1708 2828 edd.
1727 2803 1744 2836 ;

84 2837 155 2876 ego
187 2826 305 2866 schol.
339 2828 383 2866 D
413 2835 571 2870 secutus
604 2831 966 2885 interpunctionem
1000 2839 1166 2878 mutavi
1352 2852 1401 2891 51
1434 2841 1645 2890 Mulgiber
1672 2842 1742 2883 P:

89 2877 282 2929 Mulciser
299 2881 352 2923 B¹
358 2882 397 2934 Q
