1884 3204
964 70 1375 122 THEBAIDOS
1413 70 1628 118 LIBER
1663 70 1738 116 VI

96 217 296 268 texitur:
342 213 440 263 ima
473 211 629 262 virent
662 210 839 274 agresti
874 209 1107 259 stramina
1141 211 1275 258 cultu
1298 227 1312 269 5

80 297 311 362 ,proxima
341 291 600 359 gramineis
634 290 885 355 operosior
917 307 1029 339 area
1063 291 1216 349 sertis,

93 385 143 428 et
174 376 439 440 picturatus
474 372 717 421 morituris
752 370 952 420 floribus
987 387 1132 434 agger
1148 388 1161 430 3

83 452 258 507 ''tertius
291 470 546 518 assurgens
580 453 802 502 Arabum
837 462 968 501 strue
1003 451 1187 501 tollitur
1222 452 1345 500 ordo

92 537 222 587 ans
255 536 539 598 complexus
574 549 694 597 opes
728 532 1004 596 incanaque
1036 531 1222 596 glaebis
1685 536 1739 576 60

11 615 13 618 ’
75 624 195 666 ,ῐιιτα
229 624 277 665 et
309 616 373 664 ab
407 614 611 677 antiquo
646 613 872 663 durantia
906 612 1136 662 cinnama
1171 614 1307 661 Belo.
1337 609 1342 612 ’

16 725 17 728 =
89 712 281 758 summa
315 704 515 759 crepant
549 711 683 754 auro,
721 694 969 757 Tyrioque
1004 692 1241 743 attollitur
1275 700 1408 740 ostro

89 777 235 826 molle
269 775 595 839 supercilium,
632 784 807 824 teretes
843 776 939 824 hoc
974 773 1195 837 undique
1229 788 1454 836 gemmae

78 851 341 915 inradiant,
381 854 547 904 medio
584 855 738 904 Linus
774 855 1061 905 intertextus
1096 855 1310 903 acantho

10 931 15 999 ¹f
85 934 356 999 letiferique
390 952 570 985 canes:
617 953 741 1000 opus
777 936 1065 986 admirabile
1101 951 1294 999 semper
1681 938 1732 992 65

10 1018 15 1045 ³
86 1016 255 1066 oderat
288 1025 437 1080 atque
471 1018 642 1066 oculos
678 1018 905 1066 flectebat
939 1018 1003 1066 ab
1039 1016 1206 1066 omine
1242 1024 1408 1064 mater.

59 1106 218 1146 'anna
252 1096 399 1146 etiam
435 1106 484 1146 et
518 1107 738 1147 veterum
773 1097 969 1147 exuvias
1004 1097 1276 1146 circumdat
1311 1111 1515 1144 avorum

11 1174 13 1195 ⁵
82 1176 236 1240 gloria
269 1177 419 1226 mixta
454 1178 594 1226 malis
629 1178 956 1242 adflictaeque
990 1177 1205 1226 ambitus
1239 1178 1394 1235 aulae,

10 1264 12 1304 ζ
42 1253 45 1255 ’
76 1252 174 1307 'ceu
208 1259 392 1320 grande
427 1257 667 1322 exsequiis
703 1275 828 1308 onus
863 1268 1012 1322 atque
1046 1258 1289 1306 immensa
1322 1258 1537 1305 ferantur

85 1338 304 1387 membra
338 1355 470 1401 rogo,
508 1339 596 1388 sed
632 1355 769 1388 cassa
804 1348 971 1388 tamen
1007 1338 1280 1401 sterilisque
1315 1335 1529 1386 dolentis
1681 1350 1733 1396 70

2 1443 10 1483 ¹3
82 1417 212 1467 fama
245 1417 389 1479 iuvat,
427 1418 660 1482 parvique
695 1429 964 1483 augescunt
998 1421 1168 1467 funere
1204 1434 1388 1466 manes.

7 1550 9 1555 ,
83 1498 198 1548 inde
232 1498 403 1562 ingens
437 1499 648 1548 lacrimis
683 1501 842 1549 honor
877 1509 925 1549 et
960 1499 1239 1548 miseranda
1272 1500 1512 1561 voluptas,

5 1589 9 1634 ῑ
83 1596 382 1643 muneraque
415 1579 467 1628 in
501 1580 688 1630 cineres
722 1580 864 1630 annis
898 1580 1117 1644 graviora
1149 1582 1370 1629 feruntur
1386 1597 1400 1639 3

81 1659 318 1726 (namque
352 1660 422 1710 illi
456 1671 505 1711 et
539 1663 787 1726 pharetras
823 1662 1144 1726 brevioraque
1179 1663 1276 1711 tela
1310 1661 1496 1711 dicarat

3 1763 7 1782 ι
81 1741 284 1791 festinus
318 1742 418 1791 voti
453 1752 589 1807 pater
623 1742 930 1807 insontisque
965 1743 1162 1808 sagittas
1175 1762 1195 1804 *3
1680 1758 1728 1802 75

0 1820 33 1893 'a
81 1820 179 1870 iam
213 1831 331 1871 tunc
366 1832 415 1872 et
449 1833 568 1873 nota
603 1824 782 1873 stabuli
817 1826 880 1874 de
914 1834 1060 1889 gente
1094 1825 1327 1888 probatos

0 1945 2 1963 ἒ
80 1901 131 1950 in
166 1919 350 1952 nomen
385 1906 618 1968 pascebat
653 1906 831 1971 equos)
865 1906 1155 1969 cinctusque
1191 1913 1425 1954 sonantes

78 1999 312 2047 armaque
347 1984 554 2035 maiores
589 1996 925 2049 exspectatura
958 1989 1178 2036 lacertos.

75 2061 214 2130 [spes
249 2065 450 2115 avidae!
497 2083 756 2130 quas.non
790 2067 840 2116 in
876 2083 1061 2117 nomen
1096 2069 1294 2117 credula
1328 2065 1475 2115 vestis

82 2145 284 2208 urgebat
318 2146 482 2197 studio
517 2150 775 2212 cultusque
809 2149 1019 2213 insignia
1053 2149 1187 2213 regni
1676 2155 1729 2194 80

81 2241 349 2288 purpureos
384 2237 730 2292 sceptrumque
765 2229 963 2278 minus?
1009 2239 1188 2279 cuncta
1221 2229 1416 2293 ignibus
1449 2228 1564 2277 atris

133 2364 184 2403 57
214 2367 311 2394 aera
338 2355 382 2394 P
537 2358 590 2406 58
618 2358 790 2398 maturis
817 2357 882 2396 LI.
1045 2359 1095 2397 61
1128 2357 1224 2397 belo
1255 2357 1297 2396 P
1327 2362 1364 2396 et
1394 2370 1444 2396 ex
1475 2371 1574 2396 corr.
1612 2357 1730 2397 KN:

80 2407 191 2446 bello
209 2408 338 2447 BDK
359 2410 442 2460 (pr.
465 2411 544 2460 m.)
708 2415 762 2462 63
790 2413 872 2451 huc
891 2413 933 2452 P
1079 2414 1133 2461 69
1161 2413 1319 2452 seratur
1336 2412 1384 2451 N
1544 2425 1597 2462 70
1625 2425 1729 2462 rogo

69 2459 143 2510 P:
170 2467 265 2501 toro
304 2464 461 2515 (thoro)
501 2464 611 2504 mSA
789 2479 836 2516 71
867 2479 1042 2505 munere
1074 2467 1121 2504 N
1283 2478 1334 2516 73
1363 2479 1450 2516 sqq.
1491 2467 1724 2517 interpunx.

77 2513 251 2554 Mueller
435 2531 486 2568 73
514 2532 597 2558 om.
620 2519 714 2569 QN‚
734 2520 828 2561 add.
859 2534 993 2573 marg.
1022 2522 1076 2561 al.
1099 2535 1155 2562 m.
1351 2533 1400 2569 74
1430 2533 1610 2570 namque
1640 2521 1730 2560 illi:

2 2616 3 2619 Ἴ
38 2595 40 2598 >
76 2581 333 2631 muneraque
372 2571 425 2621 Q,
464 2586 564 2612 corr.
606 2574 659 2613 al.
695 2588 751 2614 m.
864 2576 1058 2625 phaleras
1092 2576 1185 2626 BQ,
1221 2587 1320 2614 corr.
1358 2575 1412 2613 al.
1449 2588 1505 2613 m.
1676 2579 1728 2625 76

2 2639 3 2642 ¹
75 2623 226 2662 stabuh
244 2623 309 2686 P?
337 2626 514 2665 stabulis
532 2627 600 2667 ωδ
811 2642 862 2679 79
891 2631 931 2667 in
951 2643 1106 2669 nomen
1125 2645 1134 2670 :
1172 2632 1215 2670 in
1234 2635 1352 2668 tanta
1372 2628 1454 2668 cod.
1477 2629 1596 2669 Bodl.
1623 2629 1724 2670 Can.

77 2678 142 2727 76,
159 2677 265 2727 sort.
287 2691 330 2718 1n
359 2685 480 2719 tauto
502 2682 571 2731 (sc.
596 2682 783 2733 studio):
811 2689 952 2722 vestes
982 2685 1090 2723 male
1119 2685 1252 2724 Barth
1274 2698 1283 2723 :
1311 2683 1355 2722 in
1375 2695 1537 2722 morem
1574 2683 1738 2734 W'thof

77 2733 210 2780 79-83
238 2745 318 2772 om.
342 2732 385 2771 P
407 2734 524 2784 (add.
558 2737 784 2776 ‘deficiunt
813 2738 865 2775 v’
897 2738 950 2777 al.
980 2742 1057 2786 m.)
1083 2739 1126 2777 B
1149 2746 1213 2791 pr.
1243 2752 1299 2778 m.
1330 2738 1397 2787 L.‚
1428 2744 1590 2778 exstant
1616 2738 1659 2776 in
1687 2738 1729 2776 B

77 2787 254 2847 (marg.)
275 2786 442 2826 DKNS
459 2803 468 2828 ε
497 2791 610 2829 uncis
637 2791 787 2831 inclusi
793 2805 810 2839 ,·
838 2796 1045 2843 totamque
1064 2807 1256 2834 versuum
1276 2794 1416 2834 seriem
1438 2796 1572 2845 72-89
1590 2793 1727 2834 Statio

70 2849 245 2879 ommno
263 2840 452 2893 indignos
469 2856 553 2884 esse
571 2844 703 2885 iudico
