1884 3204
466 569 591 645 IN
665 515 1429 646 ACHILLEIDA

691 757 1223 817 PRAEFATIO

185 936 542 983 INGREDIENTI
578 933 700 982 mihi
734 934 1040 983 Achilleidos
1077 935 1407 983 recensendae
1441 950 1608 982 curam
1633 933 1767 981 venit

38 1036 40 1038 ’
116 1014 166 1062 in
186 1031 361 1063 manus
380 1015 532 1064 editio
550 1015 632 1063 illa
658 1015 920 1063 Klotziana
938 1014 1003 1080 (M
1014 1030 1176 1063 DCCCC
1187 1014 1247 1079 11)
1273 1017 1421 1063 docta
1439 1024 1487 1063 et
1506 1014 1762 1062 laboriosa.

117 1097 314 1144 Praeter
346 1098 653 1144 Puteaneum
690 1095 844 1144 tribus
868 1095 1127 1144 codicibus
1162 1112 1279 1143 usus
1313 1105 1386 1144 est
1424 1097 1573 1144 Klotz
1602 1096 1708 1156 QK
1710 1096 1761 1151 C,

115 1184 164 1224 et
201 1177 293 1223 hos
334 1177 398 1224 ad
444 1193 598 1224 unum
645 1177 967 1238 archetypum
1014 1175 1182 1224 reduci
1223 1192 1370 1238 posse
1407 1191 1466 1223 ex
1512 1173 1766 1223 communi

115 1257 292 1303 lacuna
316 1272 443 1318 quae
478 1265 552 1304 est
586 1257 651 1304 ad
674 1257 792 1303 Aclz.
820 1255 848 1303 i.
881 1258 1108 1318 529-662
1148 1254 1514 1304 demonstravit.
1588 1254 1764 1303 Libros

116 1337 229 1397 QK
266 1336 363 1384 iam
410 1335 637 1384 adhibuit
679 1337 998 1404 Kohlmann:
1051 1344 1100 1383 et
1147 1334 1267 1397 quid
1314 1334 1431 1382 novi
1470 1334 1566 1382 nisi
1611 1351 1764 1382 novas

113 1418 412 1479 corruptelas
437 1433 606 1464 secum
630 1418 789 1464 trahat
819 1417 864 1464 C
882 1415 961 1463 vix
984 1414 1227 1478 perspicio
1243 1433 1257 1475 3
1292 1431 1385 1463 nec
1417 1417 1563 1476 longe
1587 1415 1763 1462 absum

112 1496 231 1559 quin
268 1496 510 1545 coniciam
551 1498 596 1546 C
624 1497 689 1544 ad
724 1512 1042 1544 communem
1076 1496 1396 1557 archetypum
1425 1511 1527 1543 non
1557 1494 1651 1543 nisi
1679 1512 1765 1557 per

117 1577 165 1638 Q
209 1576 366 1625 redire
386 1577 411 1625 ¹.
498 1579 674 1639 Itaque
720 1575 978 1624 arbitratus
1026 1592 1140 1624 eum
1187 1577 1287 1624 fere
1338 1574 1460 1622 nihil
1506 1577 1572 1624 ad
1619 1592 1762 1623 suum

109 1657 428 1720 archetypum
453 1656 809 1705 restituendum
841 1657 1074 1715 conferre,
1103 1654 1240 1704 nolui
1263 1657 1571 1718 Apparatum
1596 1672 1763 1703 meum

109 1726 317 1799 ineptiis'
343 1736 448 1785 eius
485 1753 700 1785 onerare.
775 1738 854 1784 De
886 1737 1041 1798 PKQ
1071 1734 1170 1784 iam
1208 1735 1260 1783 in
1293 1735 1602 1784 Praefatione
1637 1738 1765 1784 The-

108 1816 284 1865 baidos
320 1816 434 1865 dixi.

177 1897 419 1947 Codicem
477 1899 782 1945 Etonensem
828 1895 923 1961 (E)
970 1913 1120 1959 quem
1171 1913 1329 1960 paene
1387 1895 1593 1945 omnino
1651 1912 1765 1944 con-

108 1977 308 2040 tempsit
367 1979 516 2025 Klotz
578 1994 670 2040 ego
733 1978 900 2026 denuo
964 1977 1168 2037 excussi,
1235 1993 1398 2039 neque
1457 1975 1592 2039 parvi
1656 1993 1762 2025 esse

107 2059 395 2107 habendum
444 2074 636 2107 censeo.
720 2057 948 2122 (Librum
1001 2057 1247 2107 Oxoniam
1299 2057 1350 2104 in
1397 2074 1565 2105 meum
1618 2074 1760 2105 usum

108 2139 320 2201 benigne
384 2138 651 2186 transmisit
714 2138 923 2202 Collegii
982 2138 1247 2187 Etonensis
1311 2137 1762 2199 Bibliothecarius.)

108 2219 370 2268 Lectiones
408 2218 512 2267 eius
551 2220 812 2267 nonnullas
853 2218 905 2266 in
942 2218 1104 2282 ipsum
1137 2228 1324 2267 textum
1362 2218 1524 2281 recepi
1556 2217 1607 2282 (i.
1653 2237 1757 2280 109,

110 2302 219 2362 506,
261 2314 369 2362 513,
410 2302 522 2361 672,
563 2313 672 2361 723,
714 2313 823 2361 753,
868 2302 978 2358 800,
1019 2302 1145 2361 9085
1192 2299 1238 2346 ii.
1285 2298 1380 2363 17).
1455 2300 1591 2347 Num
1627 2299 1758 2347 enim

162 2466 178 2492 ¹
209 2467 269 2518 CJ‘]
291 2468 317 2508 i.
341 2470 367 2507 8
395 2474 566 2508 veteres
586 2468 656 2506 K:
673 2425 840 2520 [geres]
860 2470 934 2517 (ex
952 2425 1092 2515 ggres)
1116 2468 1183 2518 Q:
1211 2481 1314 2507 vere
1341 2468 1377 2506 C
1524 2479 1575 2517 54
1604 2468 1758 2507 hilares

29 2523 32 2526 ’
110 2521 187 2572 QC
316 2533 396 2571 315
428 2528 573 2571 pastus
592 2522 702 2560 PK:
732 2524 909 2575 pastus]
930 2522 993 2571 Q:
1024 2527 1149 2571 pastu
1173 2522 1208 2560 C
1331 2524 1415 2571 316
1442 2534 1543 2572 -que
1566 2522 1662 2560 add.
1687 2521 1764 2572 QC

107 2576 256 2614 Addas
276 2576 433 2614 etiam:
463 2577 488 2614 i.
514 2589 565 2625 72
595 2576 730 2615 honos
753 2576 831 2626 QG
969 2589 1053 2625 303
1086 2576 1291 2624 deriguit
1313 2575 1349 2614 C
1501 2588 1580 2624 342
1610 2577 1757 2614 incerti

108 2629 186 2679 QC
346 2641 426 2678 350
454 2629 594 2668 achilli
615 2629 691 2678 QC
862 2631 939 2678 387
970 2630 1109 2668 honor
1129 2629 1208 2679 QC
1382 2643 1463 2679 490
1492 2630 1661 2682 ethnam
1686 2629 1762 2679 QC

109 2684 189 2732 548
218 2696 242 2721 e
263 2684 414 2721 castris
432 2697 480 2732 qc
563 2695 566 2698 ’
640 2685 720 2732 582
749 2683 863 2721 colus
882 2697 927 2732 qc

163 2737 290 2775 Certe
317 2750 342 2775 a
363 2737 574 2774 communi
603 2737 839 2786 archetypo
869 2738 996 2786 longe
1021 2738 1228 2775 remotior
1254 2741 1321 2775 est
1343 2735 1378 2775 C
1393 2749 1516 2786 quam
1538 2735 1631 2786 QK.
1693 2736 1758 2774 De

108 2790 253 2830 codice
284 2790 322 2839 Q
350 2803 445 2829 eum
475 2791 734 2840 descriptum
764 2791 893 2829 fuisse
921 2790 1036 2829 nullo
1063 2791 1188 2829 modo
1211 2791 1392 2839 opinor:
1429 2791 1504 2829 sed
1525 2792 1579 2829 de
1600 2791 1648 2840 Q,
1674 2803 1757 2829 uno

107 2850 149 2883 et
167 2845 301 2883 altero
321 2844 468 2883 codice
489 2844 733 2884 intermisso
752 2845 813 2896 (et
833 2845 990 2894 ubique
1011 2851 1205 2893 grassato
1220 2844 1567 2897 interpolatore),
1582 2845 1757 2882 descen·

106 2897 220 2938 disse
239 2898 362 2937 valde
383 2897 591 2948 suspicor.
