1884 3204
857 637 1067 687 SIGLA

131 773 202 817 *P
221 793 265 808 =
285 774 432 818 codex
455 771 694 816 Parisinus
719 769 1021 827 (Puteaneus)
1047 771 1177 827 8051.
1239 786 1360 818 saec.
1383 771 1429 817 ix
1450 774 1658 819 exeuntis

156 843 202 886 B
221 862 265 877 =
284 843 429 886 codex
453 839 813 897 Bambergensis
835 840 894 884 N
909 839 967 885 iv.
994 852 1064 885 11.
1128 854 1247 885 saec·
1269 841 1314 885 xi

157 916 207 958 I)
226 935 270 950 =
290 915 437 959 codex
477 912 806 971 (Dovoriensis
847 911 976 969 olim)
1023 913 1138 957 Coll.
1179 915 1225 958 S.
1267 915 1429 959 Ioann.
1465 915 1591 973 apud
1624 917 1794 962 Canta-

362 983 621 1039 brigienses
641 984 693 1026 D
713 983 772 1026 iv.
846 996 968 1026 saec.
992 997 1022 1025 x
1042 982 1244 1027 ineuntis
1574 976 1578 979 ”

128 1052 214 1096 *K
228 1072 273 1087 =
295 1051 378 1108 (G2
400 1051 689 1106 Kohlmann)
714 1052 860 1095 codex
883 1051 1127 1096 Gudianus
1152 1062 1220 1109 54.
1287 1066 1406 1097 saec.
1427 1053 1531 1098 x-xi

157 1123 217 1165 N
227 1141 271 1157 =
292 1122 438 1166 codex
461 1121 744 1178 Philippicus
771 1120 1172 1177 (Cheltoniensis).
1233 1136 1356 1166 saec.
1378 1123 1482 1167 x—xi

129 1191 201 1249 *Q
222 1211 266 1226 =
288 1188 371 1247 (Ρ2
393 1189 683 1245 Kohlmann)
707 1191 853 1234 codex
878 1190 1115 1235 Parisinus
1143 1202 1300 1247 10317.
1362 1206 1485 1236 saec.
1505 1208 1534 1235 x

166 1262 205 1303 S
224 1280 268 1295 =
293 1260 438 1304 codex
460 1258 698 1304 Parisinus
727 1260 872 1316 13046
897 1259 1012 1315 (San
1039 1260 1375 1305 Germanensis
1402 1260 1548 1316 1170).
1612 1275 1734 1306 saec.
1752 1277 1782 1306 x
1842 1267 1846 1271 ’

155 1329 200 1373 Α
226 1349 270 1364 =
290 1330 438 1373 codex
455 1331 519 1374 P.
541 1328 796 1385 Vlamingii
829 1329 1088 1373 secundum
1121 1329 1418 1374 collationem
1448 1329 1645 1375 Arnoldi
1669 1333 1792 1377 Dra-

360 1398 649 1443 kenborchii.
711 1412 831 1442 saec.
853 1413 912 1442 xv
937 1397 993 1454 (?)
1712 1465 1721 1467 a

176 1487 272 1510 ωε
293 1481 548 1511 consensus
590 1467 637 1511 in
686 1466 931 1512 Thebaide
985 1467 1200 1512 codicum
1241 1469 1502 1525 BDKNQ,
1544 1469 1592 1514 in
1636 1469 1794 1514 Achil-

158 1607 205 1649 E
225 1624 269 1640 =
289 1536 725 1649 εοὲὲεάΕΕίῐςοΞεηείε
765 1605 836 1649 Bl.
871 1618 913 1659 4.
976 1619 1096 1650 saec.
1135 1605 1179 1650 xi
1217 1606 1428 1651 exeuntis
1468 1605 1554 1664 (?):
1590 1607 1731 1665 [saec.
1766 1624 1796 1651 x

362 1682 483 1718 teste
518 1674 651 1719 Klotz
676 1673 745 1731 (=
768 1675 1080 1732 Ostermachy
1098 1673 1156 1731 ?)]
1178 1688 1189 1719 ε
1225 1675 1434 1720 continet
1465 1676 1615 1721 solam
1637 1676 1794 1721 Achil-

362 1743 499 1787 leida.

157 1821 198 1857 Π
219 1834 263 1851 =
285 1828 540 1859 consensus
562 1814 608 1858 in
632 1814 893 1860 Achilleide
916 1815 1132 1860 codicum
1153 1817 1247 1861 PE

273 1887 484 1932 Adhibiti
507 1896 613 1932 sunt
636 1888 778 1932 etiarn

158 1957 272 2001 Cod.
290 1957 450 2012 Magd.
472 1976 516 1991 =
538 1957 698 2001 Codex
720 1956 914 2014 Collegii
950 1957 1335 2014 Magdalenensis
1359 1959 1484 2016 apud
1503 1960 1795 2006 Oxonienses

362 2040 483 2069 saec.
505 2024 580 2077 xii,
605 2034 731 2069 arcte
753 2040 859 2070 cum
881 2027 932 2069 D
954 2027 1228 2071 coniunctus

159 2094 272 2138 Cod.
309 2095 445 2150 Corp.
472 2113 517 2129 =
539 2094 699 2138 Codex
743 2092 936 2150 Collegii
976 2095 1198 2151 Corporis
1240 2094 1414 2140 Christi
1453 2097 1581 2153 apud
1618 2098 1794 2143 Oxoni-

359 2177 507 2207 enses.
565 2176 691 2206 saec.
712 2162 803 2218 xiv,
825 2162 952 2206 haud
974 2165 1266 2220 spernendus
1291 2163 1366 2221 (cf.
1383 2180 1423 2209 x.
1446 2167 1668 2224 loo-117)

158 2231 371 2277 Citantur
430 2230 476 2275 in
531 2232 762 2275 nonnullis
816 2231 931 2276 locis
982 2241 1077 2276 tres
1128 2232 1316 2278 codices
1378 2234 1621 2279 Bodleiani
1679 2249 1796 2294 quos

359 2314 555 2344 numero
597 2315 690 2359 quo
729 2300 775 2344 in
820 2301 1049 2358 Catalogo
1091 2301 1415 2348 Bibliothecae
1451 2303 1798 2362 distinguuntur

362 2369 634 2426 significavi„

132 2543 390 2600 *significat
409 2542 593 2588 codices
616 2543 693 2601 qui
716 2550 762 2589 et
784 2543 1031 2590 Thebaida
1051 2551 1098 2590 et
1119 2544 1387 2590 Achilleida
1407 2545 1647 2592 continent

1837 2483 1884 2552 ab
