1884 3204
866 90 1277 139 THEBAIDOS
1315 91 1530 138 LIBER
1566 92 1698 139 VIII

55 233 368 300 praebuerat:
415 228 538 294 perit
574 245 828 292 expressus
863 227 1126 277 conamine
1161 227 1371 292 sanguis

0 364 1 367 ,
51 323 171 368 tunc
204 312 361 361 tristes
397 309 515 359 socii
551 309 786 372 cupidum
824 308 1004 357 bellare
1039 307 1171 372 (quis
1206 310 1351 357 ardor
1371 308 1404 372 Ξ)

53 402 102 444 et
134 400 418 458 poscentem
454 391 617 438 hastas
654 388 916 451 mediaque
951 388 1002 436 in
1039 397 1196 436 morte
1233 397 1496 452 negantem

53 472 290 537 exspirare
324 472 534 529 trahunt,
573 467 854 532 summique
887 468 939 516 in
974 467 1194 530 margine
1229 468 1392 532 campi
1621 484 1699 527 730

50 554 271 605 effultum
305 549 501 614 gemina
535 551 685 598 latera
719 547 1006 597 inclinantia
1041 565 1211 611 parma
1312 608 1316 610 ,

49 641 254 700 ponunt,
290 648 348 680 ac
383 630 514 680 saevi
549 629 818 679 rediturum
853 630 917 678 ad
952 628 1138 691 proelia
1174 628 1347 677 Martis

49 713 339 780 promittunt
374 713 559 760 flentes.
632 711 721 759 sed
756 719 804 759 et
839 709 944 773 ipse
979 711 1208 758 recedere
1244 711 1436 758 caelum

49 793 353 858 ingentisque
388 791 580 841 animos
615 800 833 840 extremo
869 789 1044 854 frigore
1080 790 1179 839 labi

48 873 210 934 sensit,
248 882 296 922 et
330 872 524 920 innixus
561 881 716 921 terrae
754 876 765 898 ‘
786 871 1122 932 Miserescite,'
1158 873 1338 920 clamat
1618 886 1693 931 735

51 953 378 1013 &Inachidaez
425 971 527 1003 non
563 969 675 1002 ossa
709 969 881 1017 precor
915 954 1182 1002 referantur
1216 962 1270 1001 ut
1304 955 1463 1016 Argos

46 1035 340 1084 Aetolumve
374 1036 524 1083 larem
543 1052 557 1094 ,-
609 1050 701 1083 nec
736 1033 868 1082 enim
905 1033 1026 1081 mihi
1062 1050 1178 1082 cura
1213 1033 1428 1096 supremi

45 1113 253 1165 funeris:
301 1114 385 1164 odi
419 1123 550 1163 artus
586 1114 904 1178 fragilemque
939 1116 1072 1163 hunc
1108 1115 1324 1177 corporis
1362 1131 1519 1172 usum,

39 1187 342 1246 'desertorem
377 1194 542 1243 animi.
615 1205 777 1258 caput,
815 1212 846 1244 o
882 1204 1042 1259 caput,
1082 1211 1113 1244 o
1149 1194 1270 1243 mihi
1306 1194 1346 1242 si
1382 1194 1491 1257 quis

42 1276 280 1340 adportet,
319 1275 618 1339 Melanippe,
658 1280 830 1324 tuum!
878 1293 994 1324 nam
1030 1275 1237 1324 volveris
1273 1274 1412 1334 arvis,
1609 1290 1689 1335 740

45 1356 146 1406 fido
180 1355 426 1420 equidem,
464 1373 557 1405 nec
593 1373 673 1405 me
708 1356 858 1405 virtus
896 1373 1124 1420 suprema
1158 1355 1341 1404 fefellit.

43 1434 74 1497 i,
110 1453 296 1501 precor,
330 1435 477 1500 Argei
513 1436 553 1484 si
589 1435 710 1499 quid
746 1435 837 1485 tibi
871 1436 1121 1499 sanguinis
1157 1453 1407 1499 umquam,

46 1516 418 1580 Hippomedon,
455 1518 593 1576 vade,
632 1533 663 1565 o
698 1515 867 1579 primis
903 1533 1025 1580 puer
1059 1516 1225 1565 inclite
1261 1516 1402 1565 bellis

45 1598 209 1654 Arcas,
246 1606 294 1646 et
328 1596 586 1660 Argolicae
623 1598 860 1661 Capaneu
896 1596 994 1664 iarn
1031 1595 1243 1645 maxime
1278 1598 1498 1645 turmae.’

110 1677 239 1726 Moti
274 1694 462 1737 omnes,
501 1679 589 1727 sed
624 1677 810 1741 primus
845 1677 949 1727 abit
984 1677 1271 1742 primusque
1312 1687 1559 1741 repertum
1614 1694 1692 1739 745

0 1755 1 1758 '
45 1759 310 1808 Astaciden
345 1758 512 1808 medio
548 1760 811 1822 Capaneus
847 1776 874 1808 e
909 1761 1110 1822 pulvere
1146 1758 1273 1807 tollit

0 1838 305 1908 spirantem
340 1841 577 1903 laevaque
614 1856 758 1903 super
793 1839 981 1889 cervice
1016 1848 1244 1903 reportat,

0 1920 2 1974 }
41 1929 172 1984 terga
206 1929 546 1969 cruentantem
582 1920 811 1969 concussi
846 1919 1058 1968 vulneris
1094 1922 1230 1969 unda
1258 1939 1267 1968 :

43 2000 199 2064 qualis
233 2001 296 2049 ab
332 2000 547 2050 Arcadio
582 2000 725 2050 rediit
759 2000 1044 2063 Tirynthius
1083 2010 1224 2050 antro

0 2053 2 2138 i
40 2080 387 2144 captivumque
422 2097 561 2130 suem
596 2082 922 2130 clamantibus
957 2081 1120 2130 intulit
1154 2081 1314 2145 Argis.
1613 2099 1693 2145 750

0 2194 2 2230 >
109 2160 319 2225 Erigitur
352 2163 552 2224 Tydeus
587 2164 824 2225 vultuque
859 2162 1068 2211 occurrit
1103 2171 1152 2211 et
1185 2179 1357 2212 amens

39 2241 321 2304 laetitiaque
356 2241 538 2304 iraque,
577 2251 631 2290 ut
667 2242 981 2306 singultantia
1017 2242 1139 2292 vidit

39 2337 124 2371 ora
158 2321 382 2384 trahique
417 2325 588 2371 oculos
625 2340 831 2390 seseque
865 2323 1064 2386 agnovit
1099 2323 1149 2371 in
1188 2324 1286 2383 illo,

38 2402 244 2466 imperat
278 2401 526 2451 abscisum
562 2403 713 2467 porgi,
752 2406 987 2468 laevaque
1022 2414 1273 2468 receptum

37 2493 226 2548 spectat
260 2494 397 2534 atrox
431 2485 609 2535 hostile
645 2495 806 2550 caput,
843 2486 1102 2550 gliscitque
1137 2486 1350 2550 tepentis
1609 2507 1688 2551 755

36 2612 39 2613 ⁷
90 2622 164 2662 731
194 2613 336 2663 palma
354 2611 413 2652 Ρι
435 2628 445 2653 :
473 2626 602 2664 parva
621 2612 680 2651 At
900 2628 977 2665 732
1005 2616 1110 2655 safvi
1130 2616 1173 2654 P
1378 2630 1455 2667 733
1485 2623 1527 2656 et
1553 2631 1635 2659 om.
1656 2618 1694 2658 S

35 2664 172 2716 ipsum
190 2666 234 2705 P
432 2680 507 2717 741
538 2667 707 2717 repellit
734 2667 777 2706 P
964 2683 1042 2719 742
1071 2670 1204 2720 Argei
1235 2670 1300 2711 LI.
1335 2671 1398 2722 (cfi
1427 2671 1622 2725 Jaknke),
1657 2679 1696 2712 et

34 2720 132 2760 coni.
164 2719 391 2760 Schrader:
422 2721 529 2761 atrei
557 2721 675 2761 PNS
691 2736 701 2761 z
738 2723 895 2763 arcadii
917 2723 1136 2776 (suprascr.
1170 2726 1321 2778 argivi)
1350 2725 1434 2776 BQ
1612 2740 1692 2776 743

33 2773 126 2812 vale
143 2773 187 2812 P
344 2788 422 2825 744
449 2788 664 2826 capaneus
692 2775 736 2814 P
895 2790 971 2828 745
999 2778 1100 2818 abiit
1130 2779 1172 2817 P
1332 2791 1411 2829 750
1439 2780 1690 2820 mirantibus

34 2825 240 2879 Sulpicius
268 2828 361 2870 sev.
391 2829 504 2870 Dial.
536 2830 593 2868 iii.
628 2842 690 2880 13,
709 2830 812 2879 fort.
838 2830 952 2872 Lact.
983 2846 1021 2883 q.
1043 2845 1078 2872 v.
1311 2846 1389 2884 753
1418 2835 1632 2885 trahitque
1652 2835 1694 2874 P

37 2892 112 2930 754
141 2882 256 2932 porci
275 2882 318 2920 P
423 2896 678 2934 saevumque
696 2883 739 2922 P

0 2933 6 2975 ἐ
86 2947 202 2976 sur.
223 2948 354 2977 rnen.
1527 2943 1580 2982 15

0 3054 6 3081 ἱ
