1884 3204
140 101 193 150 P.
235 62 476 150 PAPINI
514 102 719 152 STATI

142 237 353 303 subligat
388 249 437 289 et
473 240 608 304 picto
643 242 873 308 discingit
908 254 1110 309 pectora
1143 245 1325 308 limbo,

140 321 275 370 haud
312 324 484 385 procul
521 324 821 374 Herculeam
861 327 1088 376 Nemeen
1125 330 1340 378 clamore
1376 330 1608 379 reductus

140 400 315 465 aspicit
350 410 500 466 atque
535 402 635 452 illic
670 404 843 468 ingens
879 408 1159 458 certaminis
1194 409 1346 458 instar

142 482 431 546 quadriiugi.
505 484 667 533 noscit
702 496 923 548 cunctos,
964 497 1012 537 et
1046 491 1172 538 forte
1207 489 1490 553 propinquo
1729 504 1808 552 370

141 562 463 612 constiterant
499 566 745 615 Admetus
783 577 831 616 et
866 569 1197 633 Amphiaraus
1234 569 1285 618 in
1320 587 1451 619 arvo.
1798 575 1802 578 ’

140 652 261 692 tunc
297 661 496 694 secum:
547 648 559 670 ⁴
579 646 823 708 Quisnam
860 649 951 698 iste
984 651 1124 710 duos,
1164 649 1403 699 fidissima
1439 650 1632 700 Phoebi

142 724 359 784 nomina,
399 726 648 776 commisit
684 730 808 777 deus
844 729 894 778 in
931 730 1218 779 discrimina
1253 733 1428 795 reges?

141 802 292 851 ambo
328 802 396 866 pii
432 803 631 867 carique
665 806 818 855 ambo
836 825 850 867 3
898 824 1146 870 nequeam
1182 808 1288 872 ipse
1323 808 1537 872 priorem

141 882 320 932 dicere.
394 884 601 933 Peliacis
638 885 720 934 hic
757 903 872 934 cum
907 888 1168 937 famularer
1202 888 1253 936 in
1290 888 1416 938 arvis
1603 894 1606 896 ’
1730 905 1808 953 375

142 962 233 1026 (sic
271 963 405 1013 Iovis
441 964 646 1027 imperia
681 975 730 1015 et
765 966 932 1030 nigrae
965 970 1165 1017 voluere
1201 970 1436 1033 Sorores),

143 1055 252 1093 tura
291 1045 444 1093 dabat
479 1047 668 1094 famulo
704 1064 798 1096 nec
835 1065 915 1097 me
951 1049 1133 1098 sentire
1168 1049 1412 1100 minorem

141 1141 289 1174 ausus
307 1143 320 1185 3
367 1134 418 1174 at
453 1125 534 1175 hic
571 1126 823 1190 tripodum
860 1145 1028 1178 comes
1065 1139 1114 1179 et
1149 1130 1259 1194 pius
1295 1131 1409 1181 artis
1444 1134 1674 1182 alumnus

141 1206 401 1256 aetheriae.
475 1206 639 1271 potior
675 1209 860 1258 meritis
897 1219 1065 1260 tamen
1101 1211 1196 1272 ille,
1236 1215 1324 1262 sed
1360 1213 1506 1263 huius

142 1296 359 1337 extrema
394 1288 493 1337 iam
529 1290 611 1337 fila
647 1292 761 1339 colu
779 1309 793 1352 3
840 1293 986 1340 datur
1021 1294 1146 1342 ordo
1182 1303 1412 1344 senectae
1731 1306 1812 1356 380

142 1370 363 1418 Admeto
400 1387 666 1434 serumque
702 1372 862 1434 mori3
908 1372 1000 1422 tibi
1035 1376 1170 1423 nulla
1213 1386 1475 1439 supersunt

141 1451 334 1515 gaudia,
375 1469 490 1500 nam
526 1454 734 1503 Thebae
769 1454 903 1503 iuxta
938 1465 987 1504 et
1022 1457 1285 1506 tenebrosa
1320 1474 1514 1522 vorago.

143 1533 238 1582 scis
275 1533 441 1594 miser,
475 1543 524 1583 et
561 1543 758 1584 nostrae
793 1535 985 1598 pridem
1022 1537 1246 1587 cecinere
1281 1540 1535 1617 volucres)

143 1615 279 1675 dixit,
319 1624 367 1665 et
403 1632 459 1664 os
495 1617 614 1665 fletu
651 1632 810 1679 paene
846 1616 1130 1668 inviolabile
1167 1619 1350 1668 tinctus

143 1698 392 1760 extemplo
429 1698 657 1745 Nemeen
691 1696 914 1747 radiante
950 1715 1037 1762 per
1071 1700 1270 1749 aethera
1306 1702 1432 1749 saltu
1608 1749 1611 1752 ,
1716 1709 1811 1764 385
1840 1743 1842 1745 .

143 1777 280 1827 ocior
315 1786 364 1827 et
399 1777 558 1841 patrio
594 1777 729 1826 venit
764 1778 878 1842 igne
914 1779 1115 1843 suisque
1153 1781 1353 1845 sagittis.

143 1857 248 1920 ipse
285 1855 404 1905 olim
439 1855 491 1903 in
528 1855 678 1915 terris,
718 1858 858 1906 caelo
893 1858 1098 1922 vestigia
1134 1860 1325 1919 durant,

143 1939 374 2001 claraque
409 1954 497 2001 per
531 1939 769 2000 zephyros
806 1937 1094 1989 etiamnunc
1130 1940 1308 1989 semita
1341 1942 1489 1990 lucet.

212 2021 277 2067 Et
313 2018 411 2067 iam
449 2017 649 2067 sortitus
686 2020 932 2068 Prothous
968 2031 1181 2070 versarat
1216 2038 1341 2070 aena

142 2100 349 2160 casside,
387 2099 587 2164 iamque
622 2102 762 2149 locus
798 2100 980 2164 cuique
1016 2112 1089 2151 est
1126 2112 1175 2152 et
1210 2102 1394 2152 liminis
1431 2105 1567 2153 ordo.
1734 2125 1814 2168 390

143 2191 379 2231 terrarum
417 2183 599 2231 decora
632 2183 798 2245 ampla
832 2181 933 2243 viri,
973 2185 1155 2233 decora
1189 2201 1350 2248 aequa
1384 2184 1582 2248 iugales,
1848 2179 1852 2195 ‘

144 2263 315 2313 divum
351 2272 616 2326 utrumque
651 2279 824 2326 genus,
860 2272 992 2313 stant
1028 2282 1130 2315 uno
1168 2265 1386 2330 margine
1422 2265 1590 2326 clausi,

144 2361 357 2409 spesque
392 2346 655 2408 audaxque
690 2362 790 2394 una
826 2355 988 2396 metus
1025 2357 1074 2396 et
1110 2347 1294 2397 fiducia
1329 2349 1534 2411 pallens.

145 2426 214 2475 nil
250 2427 402 2475 fixum
439 2427 612 2476 cordi:
659 2436 882 2490 pugnant
919 2428 1050 2478 exire
1085 2438 1382 2493 paventque,

199 2558 279 2605 367
310 2555 440 2605 disgit
460 2553 549 2606 (cin
569 2561 660 2607 sup.
682 2568 735 2604 sg
749 2554 846 2596 add.
866 2557 920 2595 al.
947 2557 1029 2608 m.)
1050 2555 1098 2595 N
1257 2559 1339 2608 369
1367 2563 1410 2597 at
1429 2556 1516 2596 illic
1535 2556 1584 2595 N
1733 2571 1785 2610 37
1788 2572 1814 2598 2

147 2611 255 2650 duos
276 2609 344 2650 ωδ
360 2625 368 2648 :
414 2610 499 2648 duo
518 2608 562 2648 P
575 2614 613 2648 et
631 2610 850 2649 reluctante
868 2616 998 2650 metro
1017 2612 1265 2651 Kohlmann
1423 2612 1583 2651 Phoebi
1602 2573 1815 2664 PBlNQ⁷:
1851 2653 1854 2655 .

151 2666 321 2715 phoebo
341 2663 487 2703 B2DA
535 2685 538 2688 ⁴
603 2675 684 2714 375
713 2664 971 2705 Thessalicis
990 2666 1033 2704 A
1136 2668 1218 2717 378
1246 2672 1291 2706 et
1311 2667 1379 2706 hic
1402 2666 1441 2717 Q
1549 2668 1633 2716 380
1661 2668 1756 2708 colu
1774 2668 1819 2708 P
1852 2668 1854 2670 ’

146 2719 275 2760 Prisc.
314 2719 430 2758 Serv.
451 2733 461 2759 :
500 2718 636 2771 coLJJ
669 2717 743 2758 N:
786 2720 879 2759 colo
913 2720 1087 2772 BDKQ
1269 2722 1349 2771 382
1378 2734 1475 2760 nam
1511 2720 1580 2760 P:
1627 2722 1709 2761 iam
1747 2722 1817 2762 ms

147 2775 339 2823 387-388
368 2776 532 2824 spurios
554 2778 683 2824 putat
715 2773 890 2814 Guietus
1051 2776 1132 2825 388
1162 2776 1404 2816 etiamnunc
1434 2775 1502 2814 P:
1530 2776 1764 2816 etiamnum
1784 2792 1816 2816 ω

146 2841 225 2879 391
259 2829 413 2867 decora
429 2840 564 2878 aequa
580 2828 641 2867 P:
664 2828 817 2867 decora
837 2842 946 2880 eque
961 2828 1000 2868 S
1018 2844 1028 2870 ε
1048 2830 1311 2879 decoraeque
1329 2829 1368 2880 Q
1388 2845 1397 2869 :
1418 2829 1646 2880 decorique
1657 2830 1782 2870 ΒΝΑ
1804 2845 1815 2870 :
1848 2838 1851 2843 '

149 2885 305 2922 decora
333 2881 474 2932 ampla
503 2882 547 2921 Κ
566 2896 575 2921 :
610 2883 763 2922 decora
793 2888 919 2933 atque
952 2883 997 2922 D
1215 2896 1296 2934 393
1326 2885 1466 2923 audax
1501 2897 1668 2934 unaque
1701 2884 1814 2925 PA:

147 2938 287 2978 audax
306 2937 386 2990 sss
405 2938 550 2975 unaq¹¹⁹
572 2937 670 2988 (ras,
696 2942 732 2976 et
749 2936 886 2977 literae
902 2951 985 2988 que
1001 2952 1071 2979 rec.
1089 2939 1164 2992 m.)
1182 2938 1239 2989 Q:
1262 2939 1486 2989 audaxque
1509 2944 1647 2979 metus
1667 2952 1751 2980 una
1772 2939 1819 2978 N
