1884 3204
927 32 1340 83 THEBAIDOS
1376 34 1591 84 LIBER
1629 35 1703 84 IX

53 172 279 241 dignatur
313 169 453 221 bellis
487 169 657 234 iraque
692 168 979 232 relinqueris
1015 167 1153 218 infra.

51 253 85 316 i,
119 260 284 317 repete
317 248 582 300 Arcadiam
617 246 897 311 mixtusque
930 247 1219 311 aequalibus
1255 248 1367 310 illic,

53 332 203 422 qum
207 333 336 382 ferus
371 328 452 379 hic
486 335 603 379 ‘vero
637 327 856 379 desaevit
891 329 1091 392 pulvere
1128 330 1344 390 Mavors,
1628 339 1704 392 785

51 410 236 485 puelia
268 411 385 460 lude
419 408 585 460 domi.
633 408 814 474 quodsi
848 417 897 458 te
932 418 1120 458 maesta
1155 409 1365 474 sepulcri

49 492 182 556 βωει
214 499 392 550 movet,
430 489 661 540 dabimus
695 491 796 539 leto
831 488 1039 538 moriare
1074 489 1317 539 virorum.
1308 493 1317 527 ἵ
1335 491 1347 514 '

50 575 83 622 ἓ
119 571 419 623 Iamdudum
454 571 589 619 hunc
623 578 796 619 contra
831 568 1041 619 stimulis
1076 568 1378 634 gravioribus
1412 572 1553 622 ardet

190 649 528 700 Atalantiades
564 649 802 714 (necdum
838 649 919 699 ille
954 648 1166 716 quierat)
1201 659 1250 699 et
1285 650 1422 701 infit.

229 729 377 781 etiam
412 729 463 779 in
498 730 712 790 Thebas,
752 746 960 795 quarum
996 729 1077 780 hic
1112 729 1368 792 exercituS,
1404 748 1541 781 arma
1623 748 1706 794 ⁷90

58 764 277 872 (mosem
322 811 551 874 quisnam
585 811 714 860 adeo
748 827 871 875 puer
904 819 959 860 ut
994 810 1175 861 bellare
1211 820 1402 861 recuset

88 890 263 942 '‘bus?
307 890 551 941 Arcadiae
586 890 789 956 stirpem
824 900 873 942 et
907 893 1009 942 fera
1044 892 1233 942 semina
1267 892 1442 957 gentiS,

36 950 150 1037 ffion
184 971 428 1022 Thebana
461 971 633 1022 vides:
681 989 784 1022 non
819 989 900 1023 me
936 973 1028 1023 sub
1065 983 1213 1023 nocte
1249 972 1411 1024 silenti

36 1050 229 1118 ffbyias
265 1051 512 1102 Echionio
546 1052 765 1117 genetrix
798 1054 1033 1103 famulata
1069 1055 1235 1118 Lyaeo

39 1128 234 1195 edidit3
278 1133 413 1183 haud
448 1150 687 1197 umquam
722 1134 957 1184 deformis
994 1133 1175 1184 vertice
1211 1134 1377 1185 mitras
1621 1153 1671 1199 79
1679 1157 1702 1198 5

39 1207 297 1283 {uiuimus
331 1212 563 1278 turpique
598 1230 750 1263 manu
785 1213 1072 1264 iactavimus
1109 1216 1314 1265 hastam.

35 1291 269 1365 ‘protinus
302 1293 526 1344 astrictos
562 1293 716 1344 didici
750 1303 939 1359 reptare
973 1311 1061 1359 per
1094 1294 1255 1344 amnis

43 1372 412 1438 horrendasque
446 1375 626 1424 domus
662 1391 951 1439 magnarum
986 1374 1165 1425 intrare
1200 1377 1409 1425 ferarum

44 1454 283 1519 AEt—quid
318 1456 459 1519 plura
492 1456 706 1519 loquar?
750 1456 931 1505 ferrum
969 1473 1080 1506 mea
1115 1473 1310 1521 semper
1344 1465 1394 1507 et
1428 1472 1570 1508 arcus

46 1543 201 1588 mater
233 1535 397 1596 habet,
434 1535 582 1585 vestri
615 1534 796 1585 feriunt
830 1553 951 1586 cava
986 1545 1221 1601 tympana
1256 1539 1448 1602 patres!
1622 1546 1702 1587 800

44 1632 148 1673 non
181 1615 292 1666 tulit
325 1615 582 1681 Amphion
615 1618 907 1681 vultumque
941 1626 991 1667 et
1026 1617 1078 1667 in
1113 1635 1199 1668 ora
1232 1618 1483 1683 loquentis

44 1695 197 1745 telum
230 1693 447 1743 immane
481 1702 640 1756 rotat3
684 1696 774 1754 sed
808 1694 920 1745 ferri
954 1695 1142 1746 lumine
1177 1695 1286 1746 diro

44 1774 266 1830 turbatus
301 1774 499 1839 sonipes
534 1791 642 1825 sese
678 1774 1040 1839 dominumque
1074 1776 1269 1827 retorsit

26 1852 98 1905 ··in
130 1856 259 1904 latus
292 1863 443 1918 atque
475 1854 674 1905 avidam
709 1855 978 1905 transmisit
1012 1856 1185 1907 devius
1221 1858 1426 1908 hastam.

42 1931 199 1986 acrior
232 1936 331 1985 hoc
365 1935 595 1985 iuvenem
631 1935 799 1987 stricto
835 1953 1073 1986 mucrone
1108 1938 1309 2001 petebat
1617 1949 1699 2001 805

43 2015 313 2081 Amphion,
350 2033 465 2066 cum
501 2033 554 2066 se
589 2016 758 2067 medio
794 2017 1004 2067 Latonia
1038 2034 1218 2082 campo

42 2096 158 2148 iecit
192 2106 242 2147 et
274 2106 390 2147 ante
425 2099 597 2147 oculos
632 2098 795 2148 omnis
830 2099 965 2150 stetit
999 2099 1146 2150 obvia
1180 2102 1332 2150 vultu.

111 2177 366 2227 Haerebat
401 2177 567 2227 iuveni
601 2177 860 2228 devinctus
895 2196 1064 2229 amore
1099 2179 1283 2244 pudico

45 2257 326 2307 Maenalius
362 2260 602 2319 Dorceus,
640 2258 721 2308 cui
755 2259 886 2309 bella
921 2276 1167 2324 suumque
1202 2261 1430 2312 timorem

43 2346 200 2387 mater
233 2347 283 2387 et
317 2340 532 2388 audaces
566 2339 704 2403 pueri
740 2342 1059 2390 mandaverat
1092 2358 1268 2392 annos.
1620 2354 1700 2395 810

42 2418 190 2470 huius
224 2428 330 2468 tum
365 2421 503 2469 vultu
538 2421 633 2471 dea
667 2420 973 2471 dissimulata
1006 2425 1256 2487 profatur:

35 2590 39 2595 ,
98 2547 178 2598 783
205 2548 437 2598 iraquePz
466 2548 655 2600 iramque
673 2548 743 2590 ωδ
921 2551 999 2600 787
1030 2552 1211 2590 moriare
1230 2551 1491 2592 Housman·
1520 2553 1700 2594 moriere

47 2613 49 2615 ’
271 2603 351 2652 789
378 2603 544 2652 quierat
564 2610 607 2643 et
626 2603 690 2643 Ρ·
726 2604 944 2655 quieverat
962 2603 1031 2644 ωδ
1190 2607 1270 2656 796
1298 2607 1494 2657 turpique
1514 2608 1699 2660 manus‘
1686 2621 1700 2647 ι

43 2652 167 2695 busta
186 2655 234 2706 (¹-
252 2655 325 2707 ρ’)
346 2656 414 2706 Q:
458 2663 717 2709 turpesque.
770 2658 948 2698 ,hastas
966 2658 1101 2698 Barth
1180 2672 1236 2698 an
1257 2660 1507 2711 thyrsique?
1575 2685 1577 2687 -
1618 2663 1701 2703 800

42 2713 208 2751 vestrae
236 2709 281 2748 D
334 2716 491 2750 matres
508 2710 553 2749 D
660 2713 740 2751 802
770 2718 893 2762 parat
913 2714 1021 2764 (sup
1044 2716 1172 2764 rotat)
1195 2713 1265 2753 D:
1303 2721 1445 2766 portat
1465 2714 1551 2755 3¹.
1579 2723 1700 2767 parat

43 2760 106 2803 Β2
124 2763 231 2815 (sup.
253 2765 383 2815 rotat)
406 2764 488 2815 QA
708 2767 787 2817 807
818 2766 916 2806 iecit
937 2772 979 2806 et
996 2765 1061 2806 Ρ.
1101 2768 1216 2807 inicit
1235 2767 1304 2808 ωδ
1465 2782 1614 2810 omnes
1632 2770 1694 2811 P:

47 2817 163 2857 omni
184 2816 255 2859 ωδ
358 2819 502 2859 omnia
522 2819 638 2859 vultu
658 2819 701 2859 P
872 2822 954 2871 809
982 2833 1174 2861 cruorem
1194 2822 1237 2860 A
