1884 3204
982 99 1395 149 THEBAIDOS
1432 99 1648 148 LIBER
1686 101 1739 148 ΙΙ

85 257 198 291 cum
233 239 396 289 senior
418 237 735 287 Talaionides
770 253 864 286 nec
898 239 1046 300 longa
1081 236 1257 285 morati

45 343 48 354 ·
89 320 424 389 Dircaeusque
456 320 662 382 gradum
698 318 976 382 pariterque
1010 317 1288 366 Acheloius
1324 318 1470 366 heros

85 400 359 464 corripuere
393 399 525 449 toris.
596 399 707 448 illos
742 408 854 463 post
888 399 1091 448 verbera
1125 400 1281 447 fessos

5 529 7 532 .
85 489 439 544 exceptamque
474 479 690 528 hiemem
726 496 881 528 cornu
916 480 1196 543 perfuderat
1231 477 1369 527 omni

85 561 331 620 Somnus;
375 567 425 608 at
462 558 670 608 Inachio
705 558 867 607 tenuis
902 559 995 607 sub
1029 567 1230 622 pectore
1265 557 1366 621 regi
1662 575 1739 617 145

43 658 46 661 ·
84 649 237 689 tracta
271 639 424 703 quies,
462 641 584 688 dum
620 648 787 688 mente
823 640 945 688 deos
981 638 1279 702 inceptaque
1312 647 1471 688 versat

30 739 31 742 ¹
76 719 296 784 hospitia
330 729 379 769 et
413 736 541 783 quae
576 719 674 768 sint
708 719 899 783 generis
934 719 1088 768 ascita
1122 719 1325 782 repertis

82 802 181 850 fata
215 809 392 849 movet.
463 809 727 864 postquam
763 799 938 850 mediis
973 799 1024 848 in
1060 799 1262 849 sedibus
1296 801 1439 848 aulae

46 880 331 944 “congressi
365 880 516 944 inque
550 880 710 930 vicem
745 883 940 930 dextras
976 880 1177 930 iunxere
1212 882 1496 944 locumque,

84 978 183 1026 quo
219 978 377 1011 serere
410 978 614 1011 arcanas
647 971 819 1026 aptum
854 971 1004 1025 atque
1040 963 1264 1011 evolvere
1300 978 1453 1022 curaS‚
1664 980 1741 1022 150

83 1041 316 1103 insidunt,
354 1042 485 1106 prior
518 1042 594 1092 his
630 1043 810 1093 dubios
847 1045 1113 1106 compellat
1149 1045 1420 1092 Adrastus:

87 1122 307 1187 ‘Egregii
342 1123 591 1184 iuvenum,
629 1141 755 1188 quos
790 1141 892 1173 non
929 1124 1036 1173 sine
1070 1123 1276 1172 numine
1311 1123 1472 1187 regnis

82 1204 263 1254 invexit
298 1221 398 1254 nox
432 1206 602 1254 dextra
639 1205 774 1264 meis,
814 1205 996 1269 quibus
1031 1204 1138 1268 ipse
1173 1222 1260 1268 per
1294 1204 1466 1253 imbris

82 1285 369 1335 fulminibus
405 1285 584 1335 mixtos
618 1286 1071 1350 intempestumque
1106 1288 1390 1335 Tonantem

83 1367 170 1415 has
206 1383 345 1415 meus
380 1383 539 1430 usque
573 1368 753 1416 domus
788 1366 991 1430 vestigia
1024 1366 1140 1415 fecit
1175 1367 1373 1429 Apollo,
1662 1384 1741 1426 155

82 1463 184 1496 non
219 1446 452 1510 equidem
488 1448 755 1496 obscurum
790 1447 932 1496 vobis
968 1446 1202 1510 plebique
1239 1448 1472 1510 Pelasgae

81 1543 188 1577 esse
222 1544 339 1587 rear,
377 1527 573 1591 quantis
608 1527 824 1577 conubia
858 1536 1025 1577 nostra
1059 1543 1322 1590 procorum

82 1608 226 1657 turba
258 1616 429 1671 petant
462 1607 667 1669 studiis;
712 1607 938 1671 geminae
972 1607 1095 1656 mihi
1130 1624 1360 1671 namque,
1398 1616 1638 1671 nepotum

82 1690 210 1738 laeta
243 1689 381 1748 fides,
417 1705 579 1752 aequo
613 1689 894 1752 pubescunt
928 1688 1087 1738 sidere
1121 1698 1279 1737 natae.

84 1779 297 1834 quantus
331 1772 493 1820 honos
528 1779 842 1834 quantusque
877 1771 1052 1834 pudor,
1083 1786 1148 1818 ne
1183 1769 1368 1819 credite
1403 1769 1529 1832 patri
1664 1778 1742 1818 160

11 1888 15 1892 -
83 1860 132 1900 et
167 1868 312 1916 super
346 1853 598 1901 hesternas
633 1852 771 1901 licuit
805 1868 1104 1915 cognoscere
1139 1868 1349 1900 mensas.

84 1933 171 1981 has
206 1932 386 1982 tumidi
420 1933 544 1982 solio
579 1941 628 1982 et
662 1935 759 1982 late
794 1932 1168 1982 dominantibus
1203 1932 1350 1981 armis

84 2021 316 2077 optavere
350 2013 439 2062 viri
475 2013 699 2078 (longum
734 2030 1022 2063 enumerare
1058 2015 1304 2062 Pheraeos

85 2094 420 2157 Oebaliosque
455 2093 629 2159 duces)
665 2103 714 2143 et
749 2096 951 2144 Achaea
985 2111 1072 2158 per
1106 2093 1291 2157 oppida
1326 2102 1506 2142 matres

84 2191 223 2238 spem
258 2174 463 2238 generis,
500 2192 594 2224 nec
628 2177 768 2239 plura
802 2184 915 2224 tuus
950 2177 1238 2239 despexerat
1274 2175 1475 2224 Oeneus
1666 2182 1740 2236 165

84 2256 284 2304 foedera
319 2254 603 2319 Pisaeisque
637 2272 778 2305 socer
811 2257 1109 2305 metuendus
1144 2254 1367 2304 habenis.

84 2337 172 2384 sed
209 2334 329 2383 mihi
364 2353 457 2384 nec
492 2338 664 2399 Sparta
698 2336 891 2399 genitos
925 2353 1019 2385 nec
1053 2336 1118 2385 ab
1156 2335 1301 2385 Elide
1337 2335 1515 2385 missos

83 2414 283 2479 iungere
317 2418 390 2464 fas
424 2433 662 2480 generos:
710 2416 851 2466 vobis
886 2417 967 2466 hic
1002 2416 1199 2480 sanguis
1235 2426 1284 2465 et
1317 2418 1460 2466 aulae

83 2511 199 2545 cura
234 2513 374 2545 meae
407 2498 558 2560 longo
591 2497 892 2560 promittitur
925 2497 1099 2547 ordine
1133 2497 1231 2546 fati.

27 2594 30 2597 ·
84 2575 136 2627 di
169 2577 313 2637 bene,
350 2578 487 2640 quod
522 2577 980 2646 talesstirpemque
1014 2577 1308 2642 animosque
1342 2577 1532 2638 venitis,
1664 2595 1742 2640 ¹70

141 2718 211 2754 141
241 2718 335 2745 cum
368 2706 410 2744 in
445 2712 533 2745 tum
563 2719 664 2747 corr.
688 2706 727 2757 Q
745 2707 801 2748 al.
823 2720 882 2746 m.
993 2707 1244 2746 talaionides
1272 2706 1464 2757 PKNQ:
1503 2707 1740 2747 talaonides

83 2758 149 2800 B:
175 2761 444 2800 thalaonides
472 2761 517 2799 D
641 2773 717 2810 152
747 2761 920 2800 numine
943 2763 1168 2811 (†munere
1196 2765 1421 2813 suprascr.)
1452 2761 1496 2799 D
1664 2774 1740 2811 153

84 2814 233 2853 dextra
258 2813 379 2864 PQA
403 2829 413 2854 ε
452 2820 543 2854 atra
572 2813 776 2866 (†dextra
806 2815 1030 2867 suprascr.)
1062 2816 1132 2854 D:
1174 2821 1266 2854 atra
1294 2815 1426 2854 BKN
1663 2828 1739 2864 157

84 2880 182 2907 reor
209 2868 338 2918 DKQ
517 2869 594 2918 158
623 2874 739 2918 petat
770 2869 808 2918 Q
991 2872 1063 2908 161
1097 2870 1158 2922 et]
1182 2871 1264 2908 iam
1292 2870 1335 2908 A
1508 2873 1583 2909 162
1612 2871 1740 2909 armis

82 2921 286 2971 PQKB2:
313 2923 425 2962 arvis
455 2923 495 2962 P
512 2936 598 2974 mg.
619 2923 800 2962 B¹DNS
819 2923 964 2971 (armis
982 2931 1187 2975 suprascr.
1212 2924 1255 2963 D
1273 2924 1359 2963 ead.
1385 2924 1465 2976 m.)
1665 2937 1742 2972 170

85 2976 302 3026 stirpeque
319 2977 546 3027 animoque
569 2982 724 3029 (marg.
749 2979 947 3030 stirpem)
970 2978 1055 3017 PK
