1794 3146
482 399 633 466 AD
680 438 681 441 κ
730 401 1339 474 THEBAIDA

575 534 1201 630 PRAEFATIO
1242 521 1247 524 ’

70 769 83 782 ”“
145 770 390 819 CODICVM
415 772 702 824 Thebaidos
726 783 862 825 tanta
885 785 958 825 est
983 777 1249 829 multitudo
1274 790 1326 830 ut
1351 780 1454 831 iure
1473 782 1731 846 suspiceris

7 846 10 847 ⁷
79 850 228 912 pluris
259 868 364 914 per
405 853 620 903 mediam
657 865 869 906 aetatem
917 857 1137 908 librarios
1183 877 1331 923 quam
1379 880 1466 926 per
1512 873 1729 912 nostram

81 928 285 977 lectores
319 930 474 980 Statio
512 932 788 996 contigisse.
863 937 923 983 In
970 937 1072 985 duo
1112 947 1277 987 autem
1315 957 1493 1003 genera
1534 943 1729 1006 penitus

77 1007 268 1060 diversa
291 1012 475 1060 cadunt
500 1011 607 1062 libri
634 1030 820 1064 omnes.
893 1017 1107 1066 Alterius
1130 1020 1321 1082 generis
1346 1022 1548 1071 unicum
1575 1034 1730 1072 exstat

76 1091 355 1152 exemplum
391 1093 671 1142 Puteaneus
696 1094 776 1144 ille
805 1098 977 1157 codex,
1003 1098 1200 1148 alterius
1229 1100 1492 1164 imaginem
1514 1104 1725 1166 optime,

75 1177 129 1218 ut
174 1169 353 1232 iudico,
415 1173 692 1235 exprimunt
739 1175 784 1224 ei
836 1176 944 1225 libri
1003 1195 1128 1240 quos
1186 1180 1355 1230 litteris
1412 1184 1733 1246 BDKNQS

445 1486 797 1534 ADDENDA
846 1489 936 1535 ET
985 1488 1458 1538 CORRIGENDA

290 1636 428 1678 Praef.
449 1638 491 1675 in
514 1637 644 1678 Theb.
667 1652 709 1689 p.
733 1639 788 1680 ix.
814 1641 839 1679 l.
863 1654 915 1679 20
928 1648 1006 1692 pro
1025 1655 1093 1682 vv.
1122 1642 1207 1695 lege
1227 1644 1298 1683 xii.

290 1691 432 1741 Sigla:
461 1691 564 1731 adde

553 1746 589 1784 L
646 1768 680 1780 z
706 1748 944 1788 Lactantius
965 1750 1171 1792 Placidus.

556 1802 620 1840 Ll.
645 1821 680 1834 =
709 1804 820 1842 idem
841 1805 883 1842 in
906 1805 1114 1845 lemmate.

287 1853 398 1904 App.
422 1855 526 1894 Crit.
548 1855 680 1895 Theb.

354 1909 410 1948 iii.
432 1922 511 1958 412
524 1915 603 1959 pro
625 1910 828 1949 sumentia
848 1911 929 1963 lege
947 1913 1160 1953 fumantia.

354 1963 406 2001 iv.
431 1976 510 2012 322
525 1970 602 2014 pro
622 1970 745 2003 tunes
763 1965 843 2016 lege
860 1968 984 2006 vires.

367 2030 403 2056 v.
429 2029 508 2066 524
522 2024 600 2068 pro
619 2031 694 2057 sua
712 2019 794 2070 lege
814 2021 892 2059 sui.

332 2070 400 2110 xii.
426 2073 505 2120 236
519 2078 597 2122 pro
616 2075 802 2123 236-295
822 2076 865 2112 in
884 2074 925 2112 Β
942 2077 1021 2126 lege
1040 2078 1226 2127 236—295
1245 2079 1288 2117 in
1309 2079 1359 2129 Q.

330 2125 403 2164 xii.
429 2128 506 2174 716
524 2127 604 2177 lege
623 2129 700 2175 716
713 2141 808 2178 ·774
829 2130 870 2167 in
892 2130 930 2178 Q
942 2131 1207 2181 palimpsesto
1226 2133 1364 2172 insuto
1383 2147 1454 2175 scr.
1475 2147 1542 2175 rec.
1571 2149 1627 2176 m.

479 2185 573 2218 ante
594 2183 671 2230 716
693 2182 888 2232 Largitus
907 2188 972 2223 etc.

285 2231 421 2271 Praef.
445 2233 486 2272 in
507 2234 614 2275 Ach.
637 2236 678 2273 in
699 2236 797 2287 fine,
814 2243 892 2289 pro
912 2239 988 2277 811
1010 2239 1091 2289 lege
1108 2241 1202 2292 812,
1217 2247 1297 2291 pro
1316 2254 1395 2292 945
1417 2244 1498 2295 lege
1517 2257 1609 2295 949.

174 2368 348 2418 Statius,
379 2370 560 2412 Thebais.

88 2784 92 2791 Ι
111 2738 125 2763 ¹
155 2740 418 2784 consensum
452 2747 640 2788 codicum
666 2748 878 2801 BDKNQ
914 2751 1054 2794 littera
1090 2771 1122 2794 ω
1158 2756 1353 2805 significo
1373 2772 1384 2798 ε
1426 2761 1624 2810 quoniam
1658 2764 1712 2803 de

59 2793 307 2837 lectionibus
323 2800 479 2840 codicis
492 2800 540 2854 S,
555 2815 790 2853 quanquam
811 2817 950 2855 paene
969 2820 1141 2859 semper
1154 2823 1245 2849 cum
1257 2812 1471 2864 BDKNQ
1482 2819 1707 2868 consentit,

60 2851 277 2898 permultis
296 2852 337 2891 in
358 2853 462 2895 locis
481 2861 592 2896 tacet
615 2857 871 2911 Kohlmann,
892 2874 1030 2911 neque
1052 2863 1145 2914 ipse
1166 2866 1218 2904 ad
1241 2866 1391 2906 librum
1408 2871 1709 2912 excutiendum

58 2902 188 2942 otium
210 2904 426 2948 habebam.
1704 2920 1709 2923 ’

868 2987 896 3017 ν
1051 2980 1054 2982 ’
1552 2995 1583 3027 Α
1612 2997 1638 3042 3
