1884 3204
573 492 790 540 LIBER
837 490 1204 540 SECVNDVS

152 637 394 684 INTEREA
428 634 602 698 gelidis
640 633 777 683 Maia
811 642 944 682 satus
979 631 1130 697 aliger
1163 630 1352 682 umbris

150 717 283 766 iussa
318 733 492 780 gerens
529 715 696 779 magni
730 723 919 765 remeat
956 713 1123 775 Iovis;
1168 713 1395 778 undique
1430 713 1597 779 pigrae

149 798 219 847 ire
253 806 423 847 vetant
458 797 618 846 nubes
655 806 705 846 et
740 795 970 846 turbidus
1004 794 1229 858 implicat
1263 812 1360 856 aer,

149 895 244 928 nec
279 877 491 941 Zephyri
526 894 732 941 rapuere
767 878 997 941 gradum,
1031 877 1121 925 sed
1156 877 1307 926 foeda
1341 875 1530 926 silentis

149 977 268 1010 aura
290 959 406 1023 poli.
479 961 598 1022 Styx
632 959 751 1009 inde
786 975 969 1008 novem
1004 957 1295 1007 circumflua
1328 957 1532 1022 campis,

149 1041 267 1090 hinc
303 1040 501 1090 obiecta
536 1040 639 1089 vias
675 1049 951 1089 torrentum
986 1038 1222 1089 incendia
1255 1040 1509 1089 claudunt.

146 1140 281 1186 pone
316 1139 468 1171 senex
502 1121 696 1186 trepida
730 1121 954 1171 succedit
990 1120 1141 1170 Laius
1175 1121 1353 1170 umbra
1458 1173 1460 1175 ,

147 1205 350 1253 vulnere
385 1205 554 1253 tardus
589 1205 787 1264 adhuc3
833 1204 1013 1266 capulo
1049 1219 1166 1251 nam
1201 1201 1380 1266 largius
1415 1198 1494 1251 illi

149 1284 406 1334 transabiit
441 1284 661 1333 animam
697 1283 920 1348 cognatis
956 1283 1137 1332 ictibus
1174 1283 1306 1332 ensis

147 1366 345 1432 impius,
384 1375 434 1415 et
467 1365 650 1430 primas
688 1365 946 1415 Furiarum
981 1364 1183 1436 pertulit
1217 1364 1343 1427 iras3

148 1448 186 1497 it
222 1457 391 1496 tamen
428 1456 477 1496 et
514 1447 711 1497 medica
746 1449 908 1496 firmat
943 1445 1150 1510 vestigia
1183 1445 1331 1510 virga.

148 1539 255 1578 tum
292 1528 479 1578 steriles
515 1528 615 1578 luci
649 1545 979 1592 possessaque
1014 1527 1246 1577 manibus
1281 1544 1398 1577 arva

151 1621 200 1660 et
235 1610 570 1674 ferrugineum
605 1627 783 1660 nemus
818 1619 1031 1674 astupet,
1066 1609 1274 1674 ipsaque
1311 1611 1456 1659 tellus

151 1692 355 1741 miratur
389 1691 608 1756 patuisse
643 1701 787 1752 retro,
826 1709 920 1741 nec
955 1691 1107 1741 livida
1142 1691 1283 1740 tabes

147 1772 364 1823 invidiae
399 1773 582 1822 functis
618 1790 923 1837 quamquam
959 1782 1009 1822 et
1044 1772 1143 1821 iam
1179 1772 1368 1822 lumine
1403 1772 1554 1822 cassis

149 1855 320 1905 defuit.
393 1872 522 1903 unus
559 1853 629 1903 ibi
663 1863 780 1904 ante
814 1853 952 1914 alios,
991 1853 1073 1903 cui
1107 1856 1248 1903 laeva
1280 1856 1509 1903 voluntas

150 1953 346 1999 semper
381 1945 430 1985 et
464 1937 530 1985 ad
566 1952 772 1999 superos
809 1935 950 2000 (hinc
985 1944 1035 1984 et
1068 1934 1227 1999 gravis
1264 1935 1421 1984 exitus
1456 1935 1586 2001 aevi)

148 2018 384 2067 insultare
419 2016 561 2066 malis
597 2018 846 2080 rebusque
880 2033 1164 2079 aegrescere
1198 2016 1353 2077 laetis,

153 2100 323 2147 ‘Vade
343 2100 354 2122 '
389 2097 458 2146 ait
496 2101 556 2147 ‘o
591 2097 719 2158 felix,
759 2113 1106 2161 quoscumque
1141 2097 1332 2146 vocaris
1368 2096 1420 2146 in
1456 2113 1588 2158 usus,

150 2198 238 2230 seu
276 2179 410 2229 Iovis
445 2179 671 2244 imperio,
710 2196 797 2228 seu
834 2177 992 2227 maior
1025 2177 1193 2242 adegit
1230 2177 1406 2243 Erinys

150 2261 219 2310 ire
255 2261 390 2310 diem
426 2270 611 2322 contra,
651 2277 739 2310 seu
776 2269 825 2310 te
860 2259 1038 2309 furiata
1073 2261 1306 2310 sacerdos

151 2343 404 2391 Thessalis
439 2359 621 2391 arcano
657 2342 796 2391 iubet
832 2341 1071 2406 emigrare
1106 2343 1348 2406 sepulcro,

151 2426 251 2473 heu
288 2423 448 2473 dulcis
485 2423 648 2473 visure
685 2425 829 2487 polos
865 2424 1125 2486 solemque
1159 2423 1386 2472 relictum

153 2516 202 2555 et
235 2505 404 2555 viridis
440 2515 591 2555 terras
628 2514 677 2554 et
712 2521 862 2569 puros
898 2504 1120 2567 fontibus
1156 2504 1332 2566 amnis,

150 2587 332 2637 tristior
366 2589 455 2636 has
490 2587 668 2636 iterum
704 2596 873 2635 tamen
908 2586 1144 2636 intrature
1179 2586 1438 2636 tenebras.'

222 2671 342 2718 Illos
379 2678 433 2718 ut
468 2686 620 2718 caeco
655 2669 898 2718 recubans
934 2667 987 2716 in
1022 2667 1195 2717 limine
1230 2667 1384 2717 sensit

1772 1383 1825 1413 10

1775 1792 1824 1834 ¹5

1771 2198 1824 2227 20

1770 2606 1822 2648 ²5

206 2811 232 2848 3
261 2798 455 2848 torpidus
482 2799 694 2838 Baehrens
802 2810 827 2848 5
857 2797 1036 2851 campis]
1059 2799 1167 2849 ripis
1195 2798 1363 2849 Bentley
1497 2811 1525 2848 9
1554 2798 1737 2837 animam
1754 2797 1822 2837 P:

153 2859 293 2892 costas
321 2868 351 2891 ω
539 2866 586 2903 17
616 2853 677 2892 illi
708 2851 795 2902 (evi
814 2855 1045 2906 suprascr.)
1066 2853 1153 2892 DA
1308 2852 1439 2903 17-18
1468 2858 1626 2905 transp.
1648 2852 1826 2892 Mueller
1877 2903 1880 2906 ἢ

152 2920 205 2957 23
234 2908 318 2947 heu
340 2907 447 2959 (hei,
468 2907 527 2960 ei)
548 2906 677 2960 codd„
688 2908 797 2958 fort.
822 2908 836 2946 i
857 2907 1002 2947 dulces
