1884 3204
1065 31 1476 81 THEBAIDOS
1514 33 1727 81 LIBER
1760 35 1805 80 V

135 166 273 242 ¹ergo
305 175 486 224 adsunt
520 170 726 220 comites
765 170 872 234 (pro
907 171 1005 219 fors
1042 177 1092 218 et
1126 185 1275 219 caeca
1309 169 1457 218 futuri

70 241 73 244 ‚
158 272 296 307 mens
333 252 590 303 hominum
615 251 648 317 ἔ)
683 249 884 314 regique
919 251 1119 309 favent,
1170 251 1259 298 sed
1296 251 1513 299 Lemnos
1548 251 1613 299 ad
1649 252 1776 299 auris

93 332 97 343 ’
156 345 210 387 ut
242 334 452 400 primurn
488 331 748 394 dictusque
784 332 965 389 ThoaS,
1004 346 1092 393 per
1126 331 1223 378 tela
1259 346 1535 393 manusque
1725 349 1804 391 720

154 416 412 474 inruerant,
450 421 756 474 matremque
790 409 946 459 avidis
982 409 1323 473 complexibus
1358 411 1508 459 ambo

153 495 386 560 diripiunt
420 495 592 542 flentes
626 493 911 554 alternaque
945 499 1146 554 pectora
1181 499 1386 539 mutant.

151 576 233 626 illa
265 577 397 624 velut
430 588 574 636 rupes
610 571 818 620 immoto
853 587 998 620 saxea
1031 569 1138 618 visu

85 647 91 650 ’
151 656 317 705 haeret
351 662 400 703 et
433 651 641 717 expertis
677 669 780 701 non
815 652 965 700 audet
1001 651 1199 700 credere
1235 649 1374 699 divis.

116 742 122 744 ⁴
150 743 206 786 ut
237 751 353 784 vero
387 742 436 783 et
469 734 631 782 vultus
667 741 716 782 et
752 731 889 796 signa
924 734 1088 795 Argoa
1123 730 1301 780 relictis
1724 750 1800 793 725

149 814 347 864 ensibus
380 823 530 878 atque
564 812 744 862 umeris
779 813 1040 862 amborum
1082 811 1294 860 intextus
1332 813 1496 871 Iason,

101 885 104 890 ¹
148 903 396 945 cesserunt
430 896 604 954 luctus,
643 894 935 956 turbataque
971 909 1174 941 munere
1210 900 1348 941 tanto

147 974 340 1035 corruit,
375 984 524 1039 atque
558 974 655 1024 alio
691 975 985 1023 maduerunt
1019 972 1206 1022 lumina
1241 974 1372 1022 fletu.

146 1054 315 1106 addita
349 1054 486 1118 signa
520 1057 651 1118 polo,
688 1057 917 1118 laetoque
952 1056 1171 1103 ululante
1206 1055 1420 1102 tumultu

145 1145 376 1199 tergaque
411 1143 460 1184 et
493 1152 605 1184 aera
639 1134 720 1184 dei
756 1144 913 1184 motas
949 1151 1181 1199 crepuere
1215 1151 1302 1197 per
1335 1150 1488 1183 auras.
1725 1153 1800 1196 730

211 1217 356 1264 Tunc
390 1215 500 1279 pius
537 1215 782 1275 Oeclides,
823 1224 878 1264 ut
912 1215 1070 1279 prima
1105 1214 1298 1263 silentia
1332 1214 1463 1278 vulgi

146 1294 338 1344 mollior
370 1295 440 1344 ira
474 1295 612 1345 dedit
647 1295 964 1359 placidasque
998 1311 1224 1343 accessus
1258 1295 1323 1343 ad
1357 1294 1514 1343 auris:

145 1375 372 1436 ‘Audite,
411 1392 442 1424 o
477 1377 655 1425 ductor
690 1377 912 1424 Nemeae
946 1374 1160 1437 lectique
1195 1383 1423 1437 potentes

146 1455 428 1516 Inachidae,
465 1472 592 1520 quae
626 1465 786 1504 certus
821 1455 899 1519 agi
935 1454 1213 1504 manifestat
1248 1456 1444 1518 Apollo.

143 1535 234 1587 iste
268 1536 469 1601 quidem
505 1536 744 1600 Argolicis
780 1537 914 1585 haud
949 1534 1068 1584 olim
1103 1534 1354 1584 indebitus
1389 1534 1534 1583 armis
1719 1552 1794 1597 735

142 1618 302 1667 luctus
336 1619 490 1678 adest,
528 1627 663 1667 recto
699 1618 1013 1667 descendunt
1047 1616 1204 1665 limite
1240 1618 1452 1665 Parcae:

143 1707 192 1748 et
227 1697 329 1747 sitis
364 1697 560 1748 interitu
596 1698 854 1751 fluviorum
891 1706 940 1747 et
973 1697 1130 1746 letifer
1164 1696 1350 1760 anguis,

143 1787 192 1829 et
225 1795 359 1842 puer,
396 1780 494 1828 heu
529 1779 682 1828 nostri
717 1778 934 1842 signatus
970 1777 1174 1826 nomine
1208 1776 1309 1837 fati,

141 1861 487 1920 Archemorus,
526 1868 704 1908 cuncta
738 1861 861 1907 haec
897 1875 1128 1922 superum
1164 1857 1380 1907 demissa
1415 1875 1643 1923 suprema

62 1978 67 1986 .
142 1949 308 1990 mente
343 1941 513 1989 fluunt.
585 1939 774 1989 differte
807 1939 1000 1988 animos
1035 1938 1311 2002 festinaque
1345 1940 1442 1987 tela
1716 1957 1795 2002 740

141 2020 343 2084 ponite3
387 2019 627 2069 mansuris
663 2021 925 2069 donandus
961 2018 1232 2068 honoribus
1268 2018 1443 2068 infans.

142 2110 191 2150 et
226 2099 435 2161 meruit;
480 2102 565 2150 det
598 2102 803 2164 pulchra
837 2100 936 2149 suis
971 2099 1207 2149 libamina
1240 2099 1391 2148 virtus

144 2181 385 2241 manibus,
422 2190 571 2244 atque
606 2179 794 2229 utinam
829 2180 979 2243 pluris
1015 2180 1266 2229 innectere
1300 2197 1488 2244 pergas,

144 2262 359 2321 Phoebe,
399 2278 574 2321 moraS,
612 2277 903 2325 semperque
938 2260 1078 2310 novis
1114 2261 1296 2310 bellare
1331 2270 1552 2310 vetemur

142 2342 349 2401 casibus,
388 2350 437 2390 et
471 2358 664 2405 semper
698 2342 874 2390 Thebe
909 2343 1103 2390 funesta
1137 2343 1370 2390 recedas!
1713 2358 1788 2403 745

138 2433 189 2472 at
223 2439 310 2472 vos
347 2438 638 2485 magnorum
675 2421 960 2486 transgressi
995 2424 1093 2472 fata
1127 2431 1387 2486 parentum

69 2496 73 2497 ⁷
137 2503 316 2563 felices,
354 2505 556 2566 longum
592 2502 771 2565 quibus
807 2503 923 2552 hinc
957 2520 1044 2567 per
1078 2505 1273 2552 saecula
1307 2519 1504 2562 nomen,

138 2586 258 2634 dum
294 2586 516 2633 Lernaea
549 2585 690 2647 palus
726 2592 774 2633 et
809 2585 930 2632 dum
966 2593 1103 2648 pater
1140 2585 1356 2633 Inachus
1391 2583 1494 2643 ibit,

192 2711 270 2760 718
297 2723 377 2760 ego
398 2710 445 2748 N
568 2723 647 2759 720
675 2710 760 2750 tala
774 2711 833 2750 Ν1
960 2724 1038 2761 724
1067 2724 1124 2750 an
1144 2713 1358 2754 nondum?
1489 2688 1576 2763 732*
1594 2725 1787 2752 accessus

135 2763 176 2804 Β
194 2778 205 2804 :
230 2764 410 2804 accessit
427 2762 675 2815 PDKQNS
691 2765 799 2816 (-sus
818 2771 1020 2816 suprascr.
1040 2765 1127 2806 ead.
1153 2780 1209 2806 m.
1234 2767 1290 2817 Q)
1405 2769 1483 2817 736
1511 2767 1588 2806 sed
1608 2768 1787 2807 tendunt

135 2818 383 2871 temptabam
564 2831 641 2869 737
671 2819 835 2864 intentu
857 2819 911 2871 (ri
930 2827 1021 2872 sup.
1042 2833 1069 2859 n
1090 2819 1207 2873 add.)
1228 2821 1268 2872 Q
1430 2833 1510 2871 739
1539 2821 1733 2862 dimisssa
1749 2821 1792 2860 P

130 2883 216 2929 ,245
242 2873 415 2912 recedas
435 2872 499 2912 P:
527 2873 698 2913 recedat
716 2872 785 2913 ωδ
