1884 3204
1016 61 1429 110 THEBAIDOS
1466 62 1680 108 LIBER
1721 63 1743 108 1

91 222 204 256 mox
237 205 470 267 adaperta
505 200 651 266 fides)
684 201 786 249 fato
821 200 1034 248 ducente
1071 199 1281 247 canebat

49 339 53 350 ,
91 269 477 349 saetigerumque
513 298 652 330 suem
688 290 736 329 et
772 281 976 328 fulvum·
996 281 1263 327 adventare
1299 280 1510 326 leonem.

91 367 142 416 id
176 367 375 414 volvens
411 379 513 411 non
547 361 652 424 ipse
688 370 838 424 pater,
876 377 978 408 non
1014 361 1162 408 docte
1198 359 1346 407 futuri

91 443 387 508 Amphiarae
421 442 559 492 vides
595 441 800 507 (etenim
836 449 967 489 vetat
1001 449 1173 488 auctor
1207 441 1443 505 Apollo);

91 535 280 576 tantum
306 523 366 572 -in
402 525 551 572 corde
587 524 765 571 sedens
800 520 1037 584 aegrescit
1073 537 1189 568 cura
1223 519 1426 582 parenti.
1668 539 1751 575 400

161 607 291 654 Ecce
325 612 491 652 autem
526 602 783 665 antiquam
819 604 920 650 fato
958 602 1218 662 Calydona
1253 590 1536 662 relinquens

80 685 297 751 ‘Olenius
333 685 534 747 Tydeus
569 682 789 747 (fraterni
824 681 1073 745 sanguinis
1109 681 1248 729 illurn

91 765 316 816 conscius
351 766 521 813 horror
555 763 676 829 agit)
710 765 886 812 eadem
923 762 1016 810 sub
1052 770 1200 810 nocte
1236 777 1417 824 sopora

67 849 240 897 ‚lustra
274 844 396 904 terit,
436 843 706 906 similisque
748 845 910 891 Notos
952 844 1221 904 dequestus
1258 850 1307 890 et
1342 840 1526 900 imbris,

91 927 301 976 infusam
337 934 472 987 tergo
506 924 714 988 glaciem
749 933 798 972 et
833 922 1071 986 liquentia
1106 921 1288 971 nimbis
1673 943 1751 982 405

93 1024 177 1057 ora
211 1022 479 1068 comasque
513 1022 686 1069 gerens
722 1003 854 1053 subit
890 1021 991 1052 uno
1028 1003 1256 1066 tegmine,
1294 1001 1434 1051 cuius

92 1090 228 1136 fusus
263 1089 418 1135 humo
453 1087 615 1149 gelida
649 1095 837 1150 partem
872 1084 1003 1149 prior
1036 1086 1218 1147 hospes
1253 1084 1483 1132 habebat.

93 1164 173 1213 hic
207 1181 323 1213 vero
357 1164 603 1213 ambobus
639 1164 825 1212 rabiem
862 1165 1057 1212 fortuna
1098 1170 1352 1210 cruentam

92 1244 281 1294 attulit:
318 1246 452 1293 haud
488 1244 619 1307 passi
654 1244 799 1293 sociis
836 1245 1103 1292 defendere
1139 1251 1338 1290 noctem

94 1324 405 1385 culminibus,
444 1327 649 1388 paulum
684 1324 882 1373 alternis
918 1324 969 1371 in
1005 1323 1155 1372 verba
1190 1322 1448 1384 minasque
1675 1341 1756 1380 410

94 1415 420 1466 cunctantur3
455 1423 570 1454 mox
605 1414 659 1454 ut
694 1405 835 1454 iactis
869 1403 1180 1453 sermonibus
1215 1402 1314 1451 irae

94 1487 370 1536 intumuere
405 1486 534 1545 satis,
572 1495 679 1534 tum
714 1502 829 1534 vero
866 1493 1056 1533 erectus
1091 1493 1298 1545 uterque

79 1576 335 1618 ,exsertare
370 1583 566 1616 umeros
602 1567 889 1628 nudamque
924 1567 1163 1614 lacessere
1198 1579 1430 1627 pugnam.

97 1647 271 1697 celsior
305 1646 386 1695 ille
420 1648 574 1710 gradu
609 1663 812 1709 procera
846 1645 897 1693 in
934 1645 1157 1694 membra
1192 1643 1439 1707 simulque

96 1729 283 1791 integer
317 1744 559 1776 annorum
578 1745 591 1788 ;
629 1729 718 1776 sed
746 1743 862 1776 'non
900 1736 948 1775 et
983 1726 1166 1775 viribus
1202 1725 1328 1774 infra
1678 1746 1759 1786 415

98 1811 271 1872 Tydea
303 1810 395 1857 fert
427 1808 636 1867 animus,
675 1817 906 1870 totosque
941 1807 1103 1855 infusa
1137 1823 1224 1870 per
1257 1815 1389 1854 artus

15 1885 19 1889 ⁵
99 1889 253 1938 maior
287 1889 338 1936 in
374 1888 549 1952 exiguo
584 1890 818 1951 regnabat
854 1905 1058 1951 corpore
1093 1887 1260 1936 virtus.

99 1970 196 2018 iam
232 1969 428 2018 crebros
464 1969 589 2017 ictus
625 1986 710 2018 ora
745 1978 793 2017 et
828 1985 948 2017 cava
983 1978 1207 2031 tempora
1240 1967 1425 2016 circum

101 2050 269 2100 obnixi
303 2048 620 2112 ingeminant,
659 2051 867 2098 telorum
903 2058 988 2097 aut
1023 2047 1272 2112 grandinis
1307 2048 1460 2096 instar

103 2130 372 2193 Rhipaeae,
410 2131 636 2192 flexoque
670 2146 800 2192 genu
835 2146 990 2177 vacua
1024 2129 1106 2177 ilia
1141 2130 1386 2177 tundunt:
1681 2149 1764 2187 420

103 2227 205 2258 non
240 2209 378 2258 aliter
413 2226 562 2272 quam
598 2209 774 2258 Pisaeo
809 2227 897 2258 sua
932 2212 1084 2258 lustra
1118 2209 1338 2258 Tonanti

103 2307 218 2339 cum
253 2291 460 2338 redeunt
497 2290 760 2354 crudisque
795 2290 952 2338 virum
989 2289 1253 2338 sudoribus
1287 2291 1427 2338 ardet

156 2418 238 2467 396
266 2417 403 2455 fidens
433 2416 472 2466 Q
635 2418 719 2456 sato
748 2418 863 2456 PA.
854 2432 863 2440 ·
892 2430 996 2456 aevo
1026 2433 1056 2455 ω
1306 2418 1386 2467 398
1416 2417 1458 2456 id
1487 2417 1555 2456 P:
1599 2419 1703 2457 haec
1731 2433 1760 2456 ω

103 2485 184 2522 399
212 2470 319 2510 deest
347 2471 390 2509 in
418 2470 472 2521 K,
506 2475 637 2510 exstat
654 2485 697 2509 m
719 2485 854 2523 marg.
877 2471 919 2509 B
931 2478 999 2522 pr.
1026 2485 1086 2512 m.
1146 2516 1149 2519 ¹
1251 2483 1333 2522 399
1361 2471 1621 2522 Amphiarae
1641 2472 1761 2511 vides

106 2525 320 2575 aegrescit
358 2537 457 2563 cura
491 2525 658 2574 parenti
685 2525 732 2564 S.
764 2532 837 2577 per
862 2526 1279 2565 contaminatizonem
1323 2526 1586 2576 Amphiarae
1607 2526 1762 2587 ¹vide[s

105 2579 263 2619 etenim
297 2584 414 2617 vetat
451 2585 598 2618 auctor
630 2579 809 2631 Apollo]
847 2580 912 2642 Q:
953 2593 1055 2630 quae
1084 2581 1201 2619 uncis
1231 2580 1380 2619 mclusi
1410 2581 1464 2619 al.
1499 2593 1555 2619 m.
1596 2594 1641 2619 m
1680 2594 1760 2620 ras,

106 2647 187 2683 400
217 2638 348 2671 exstat
364 2646 408 2671 tn
430 2633 667 2683 margmeQ
694 2635 746 2673 al.
768 2647 825 2672 m.
836 2635 910 2681 ,in
932 2647 1017 2685 mg.
1037 2635 1083 2672 K
1098 2634 1187 2674 ead.
1210 2648 1268 2674 m.
1381 2634 1551 2684 pavent1
1563 2635 1765 2675 Hemszus

105 2701 125 2726 e
143 2686 225 2727 cod.
311 2700 391 2736 402
421 2686 673 2726 OeniusD·
664 2717 674 2726 .
704 2688 880 2727 Oeneus
897 2688 1099 2726 Heinsius
1206 2702 1287 2738 404
1309 2688 1603 2740 dequestus]‘
1618 2690 1764 2728 nescio

105 2754 159 2780 an
181 2741 333 2780 Latine
349 2742 539 2780 dicatur⁷
570 2741 783 2792 Heinsius,
807 2741 881 2780 sed
904 2743 951 2792 ef.
985 2743 1041 2782 xi.
1067 2744 1144 2791 627
1170 2742 1258 2783 Val.
1277 2742 1403 2784 Flacc.
1424 2756 1463 2782 ν.
1485 2744 1565 2791 448
1686 2755 1766 2792 410

106 2795 257 2834 alterni
285 2795 327 2833 P
343 2795 451 2833 unde
468 2795 622 2834 alterni
642 2796 703 2834 nil
731 2796 942 2835 Baehrens
1158 2797 1377 2846 minasque
1409 2796 1440 2846 (i
1469 2798 1696 2849 suprascr.)
1729 2797 1766 2847 Q

108 2861 187 2900 415
216 2849 310 2901 sed]
332 2861 409 2888 nec
437 2850 624 2889 Priscian
799 2852 880 2899 416
908 2855 1105 2903 totosque
1132 2849 1246 2890 PD:
1273 2857 1387 2890 totos
1415 2851 1541 2902 BKQ
1686 2864 1764 2899 422

110 2905 291 2944 redeunt
319 2902 427 2953 PQ:
457 2905 640 2943 reddunt
668 2903 799 2944 BDK
