1884 3204
131 102 185 150 P.
224 99 467 148 ΡΑΡΙΝΙ
503 97 709 147 STATI

130 241 315 290 arduus
352 238 717 303 Hippomedon
752 254 902 287 cavea
937 237 1221 287 stimulante
1255 235 1445 286 tulisset
1755 290 1758 291 ⁷

131 322 183 370 in
220 320 427 380 mediOS,
466 322 665 382 lateque
699 320 860 368 ferens
896 319 990 368 sub
1025 328 1225 383 pectore
1260 320 1433 368 dextro
1717 324 1744 367 6
1770 327 1786 333 ”

133 402 307 451 orbem
341 400 523 449 alium·
576 402 760 449 ‘Hunc
794 399 973 464 potius,
1011 400 1228 459 iuvenes,
1267 399 1354 463 qui
1389 396 1588 448 moenia
1622 396 1748 447 saxis
1785 403 1799 447 ζ

132 485 368 547 frangere,
406 481 493 545 qui
527 480 699 544 Tyrias
735 481 985 531 deiectum
1019 480 1197 530 vaditis
1231 497 1381 540 arces,

135 566 270 613 hunc
304 561 491 626 rapite:
538 571 614 611 ast
649 561 773 611 illud
808 562 889 611 cui
924 579 1028 611 non
1063 560 1324 611 iaculabile
1360 562 1559 610 dextrae

134 646 396 709 pondus?'
432 653 481 693 et
515 644 776 707 abreptum
812 645 950 713 nullo
985 642 1248 693 conamine
1283 641 1398 691 iecit
1792 694 1803 710 Γ

134 726 186 774 in
222 728 362 774 latus.
435 724 681 774 absistunt
715 726 889 789 procul
922 724 1219 788 attonitique
1253 726 1467 772 fatentur
1720 728 1809 787 660,

135 808 345 868 cedere3
392 806 473 854 vix
507 823 635 854 unus
673 807 914 869 Phlegyas
951 822 1163 869 acerque
1201 806 1525 854 Menestheus

136 888 249 953 (hos
285 887 436 936 etiam
471 888 633 950 pudor
667 896 717 935 et
753 885 920 949 magni
955 895 1157 935 tenuere
1193 885 1442 950 parentes)

138 968 407 1033 promisere
431 984 636 1016 manum
654 985 668 1028 3
713 966 960 1016 concessit
995 975 1158 1016 cetera
1193 967 1353 1030 pubes

138 1057 317 1112 sponte
353 1057 402 1097 et
437 1050 643 1097 adorato
679 1047 823 1098 rediit
858 1047 1064 1111 ingloria
1098 1047 1251 1096 disco.
1809 1104 1814 1116 q·

138 1129 296 1193 qualis
334 1129 569 1178 Bistoniis
605 1129 793 1193 clipeus
831 1127 1071 1177 Mavortis
1106 1128 1158 1176 in
1192 1127 1319 1176 arvis
1723 1131 1811 1186 665?

138 1213 251 1259 luce
287 1212 416 1258 mala
452 1213 680 1274 Pangaea
714 1209 825 1259 ferit
860 1211 1117 1272 solemque
1157 1210 1402 1272 refulgens
1808 1215 1811 1217 ’

139 1290 326 1340 territat
360 1290 658 1354 incussaque
693 1290 776 1340 dei
809 1307 956 1354 grave
991 1289 1148 1354 mugit
1181 1289 1247 1339 ab
1282 1291 1436 1338 hasta.

209 1371 412 1420 Pisaeus
450 1373 689 1435 Phlegyas
725 1389 851 1436 opus
886 1371 1101 1431 incohat,
1140 1380 1189 1420 et
1224 1370 1371 1420 simul
1406 1370 1569 1420 omnis

140 1452 345 1502 abstulit
379 1452 430 1500 in
467 1469 519 1501 se
555 1454 761 1514 oculos;
809 1470 868 1502 ea
901 1452 1008 1502 viso
1043 1469 1250 1516 corpore
1285 1452 1437 1501 virtus

141 1533 395 1598 promissa.
468 1550 527 1582 ac
560 1533 776 1596 primum
811 1542 937 1582 terra
972 1533 1267 1596 discumque
1303 1549 1607 1596 manumque
1727 1523 1826 1593 676,

141 1623 348 1678 asperat,
386 1631 594 1663 excusso
630 1631 747 1663 mox
781 1614 967 1664 circum
1003 1616 1204 1678 pulvere
1238 1623 1411 1673 versat,

142 1695 280 1758 quod
315 1697 442 1743 latus
477 1694 529 1742 in
565 1694 758 1758 digitos,
797 1694 991 1744 mediae
1027 1696 1165 1758 quod
1200 1694 1380 1744 certius
1415 1696 1562 1744 ulnae

142 1774 419 1836 conveniat,
458 1792 561 1824 non
595 1775 710 1824 artis
747 1793 926 1840 egens:
975 1775 1057 1824 hic
1093 1792 1288 1839 semper
1321 1775 1478 1825 amori

143 1856 290 1905 ludus
326 1864 443 1915 erat,
481 1855 666 1918 patriae
701 1873 805 1905 non
840 1865 1034 1904 tantum
1070 1856 1157 1905 ubi
1191 1856 1352 1906 laudis
1387 1856 1546 1907 obiret

145 1953 294 1996 sacra,
333 1937 423 1985 sed
456 1935 656 1985 alternis
691 1938 927 1999 Alpheon
963 1935 1210 1999 utrimque
1246 1937 1437 1986 solebat
1732 1945 1824 2000 675*

146 2015 320 2066 metari
354 2015 471 2079 ripis
506 2025 569 2077 et,
609 2034 709 2080 qua
742 2017 981 2066 latissima
1015 2017 1214 2078 distant,

146 2115 249 2147 non
285 2114 524 2161 umquam
561 2115 723 2147 merso
757 2097 1087 2147 transmittere
1121 2097 1326 2147 flumina
1360 2098 1513 2149 disco.

146 2196 262 2243 ergo
297 2195 505 2243 operum
541 2180 701 2228 fidens
737 2195 839 2228 non
875 2178 1100 2243 protinus
1134 2178 1333 2228 horrida
1367 2179 1531 2243 campi

147 2260 327 2324 iugera,
365 2261 454 2309 sed
489 2261 628 2309 caelo
663 2261 885 2310 dextram
921 2259 1133 2320 metitur,
1171 2260 1411 2324 humique

148 2357 344 2404 pressus
379 2349 591 2404 utroque
625 2358 756 2404 genu
791 2342 1002 2390 collecto
1038 2340 1277 2404 sanguine
1312 2340 1505 2390 discum
1733 2338 1817 2392 686

148 2421 255 2485 ipse
291 2437 438 2484 super
472 2438 579 2470 sese
614 2430 742 2470 rotat
777 2431 926 2484 atque
961 2420 1013 2469 in
1049 2420 1220 2470 nubila
1254 2420 1440 2471 condit.

150 2501 231 2550 ille
266 2501 392 2558 citus
428 2501 640 2550 sublime
675 2501 798 2566 petit
833 2501 1105 2565 similisque
1140 2500 1340 2551 cadenti

150 2581 325 2632 crescit
359 2581 410 2631 in
446 2583 727 2644 adversum,
760 2584 1065 2646 tandemque
1100 2583 1365 2631 exhaustus
1399 2583 1465 2632 ab
1499 2584 1601 2632 alto

204 2713 286 2761 655
316 2711 458 2750 media
484 2711 528 2749 A
669 2713 753 2764 669
780 2725 833 2752 ea
851 2712 944 2751 viso
963 2712 1032 2762 P;
1060 2712 1118 2751 sic
1143 2712 1410 2763 interpunxit
1439 2708 1645 2752 exhausto
1671 2709 1786 2752 Aous
1806 2724 1817 2751 ε

152 2778 208 2803 ex
226 2770 348 2804 vasto
368 2765 572 2805 Mueller:
601 2778 658 2805 ex
676 2766 768 2805 viso
788 2766 998 2805 Baehrens
1089 2766 1133 2805 in
1154 2779 1334 2816 corpore
1353 2765 1399 2804 D
1508 2768 1590 2816 672
1618 2766 1818 2816 quodque
1844 2776 1845 2779 ’

152 2819 310 2858 certius
325 2819 369 2857 P
473 2821 554 2868 676
583 2820 734 2859 metari
750 2820 815 2861 P:
846 2821 986 2860 metiri
1001 2818 1070 2860 oeS
1152 2822 1235 2871 679
1262 2821 1339 2860 sed
1351 2819 1420 2860 wS
1436 2834 1446 2859 z
1464 2820 1525 2859 sic
1544 2818 1588 2858 P
1656 2819 1839 2860 caelum:

154 2873 306 2912 dextra
325 2873 374 2911 N
478 2874 684 2924 humique
703 2874 772 2914 ωδ
791 2889 802 2914 :
829 2874 986 2924 ubique
1010 2874 1053 2913 P
1211 2875 1293 2924 683
1322 2874 1451 2914 cessit
1473 2874 1645 2914 Guietus
1744 2873 1818 2914 ad·
1834 2901 1850 2927 '.

154 2939 305 2967 versos
323 2926 439 2967 Serv.
465 2929 573 2968 Aen.
596 2928 670 2968 xii.
693 2929 790 2981 856,
813 2928 887 2968 sed
900 2928 1010 2968 idem
1029 2928 1254 2968 adversum
1273 2928 1381 2968 Aen.
1403 2927 1486 2967 viii.
1508 2941 1559 2979 91
1846 2937 1850 2943 “
