1884 3204
135 92 189 140 P.
226 92 486 140 PAPINI‘
506 91 712 140 STATI

202 220 420 271 Nuntius
454 220 689 270 attonitas
724 219 1018 270 iamdudum
1056 219 1274 269 Eteoclis
1309 220 1374 269 ad
1407 218 1537 269 auris
1573 233 1578 236 ·

133 305 383 367 explorata
418 304 578 351 ferens
614 304 765 366 longo
800 303 950 352 docet
983 302 1181 366 agmine
1217 288 1412 352 Graiosv

132 384 201 435 ire
237 386 404 443 duces,
442 400 536 433 nec
571 383 671 431 iam
706 383 882 433 Aoniis
918 386 1090 448 procul
1125 385 1260 433 afore
1294 381 1514 446 campis,
1683 444 1685 448 Α

132 482 449 529 quacumque
483 463 687 528 ingressi
722 473 930 515 tremere
965 482 1024 514 ac
1059 464 1374 514 miserescere
1409 472 1617 513 cunctos
1718 484 1768 527 ²3
1792 520 1805 525 λ,

131 547 419 596 Thebarum
442 564 455 607 3
501 545 587 609 qui
623 545 772 610 stirpe
807 547 966 607 refert,
1004 546 1089 610 qui
1125 545 1330 595 nomine
1365 554 1415 594 et
1449 543 1610 594 armis.
1801 547 1809 554 ”

131 629 213 678 ille
249 637 436 677 metum
475 628 698 677 condens
734 627 904 677 audire
940 626 1162 691 exposcit
1197 636 1246 676 et
1282 626 1389 676 odit

131 718 441 758 narrantem:
489 708 571 757 hic
605 708 751 757 dictis
787 699 949 758 socios
985 708 1235 758 stimulare
1271 725 1485 772 suasque

132 790 293 840 metiri
327 789 550 839 decernit
585 805 719 853 opeS.
792 789 1035 839 exciverat
1070 806 1273 838 omnem

133 871 350 921 Aoniam
388 871 749 932 Euboeamque
785 879 834 919 et
870 869 1123 919 Phocidos
1159 886 1274 919 arva
1308 868 1619 933 propinquae
1720 884 1803 937 235

133 955 303 1001 Mars:
349 951 419 1000 ita
453 952 600 1000 dulce
638 950 760 999 Iovi.
834 952 982 1015 longe
1018 950 1141 1015 fugit
1177 950 1352 1000 ordine
1387 952 1531 1000 velox

132 1044 343 1084 tessera:
384 1033 668 1096 propellunt
703 1031 847 1091 acies,
887 1048 1096 1096 seseque
1132 1033 1226 1081 sub
1260 1031 1408 1081 armis

133 1122 418 1175 ostentant3
465 1113 682 1162 subeunt
717 1130 910 1177 campo,
950 1113 1037 1177 qui
1071 1112 1324 1177 proximus
1360 1113 1471 1162 urbi

133 1197 397 1245 damnatus
432 1194 575 1244 bellis
611 1203 748 1259 patet
783 1203 1135 1259 exspectatque
1170 1196 1372 1244 furores.

99 1310 102 1311 ν
131 1278 359 1328 nondum
394 1278 562 1326 hostes
598 1285 782 1336 contra,
821 1275 1016 1340 trepido
1052 1285 1221 1325 tamen
1256 1275 1453 1339 agmine
1490 1283 1670 1325 matres
1724 1263 1824 1339 ηας

131 1359 478 1408 conscendunt
513 1375 694 1417 muros,
733 1357 852 1407 inde
887 1375 1024 1407 arma
1058 1357 1267 1407 nitentia
1302 1356 1430 1406 natis
1499 1392 1501 1394 ψ
1824 1370 1826 1372 ·

132 1449 181 1489 et
215 1438 558 1489 formidandos
594 1447 872 1488 monstrant
907 1440 1000 1488 sub
1037 1439 1229 1488 casside
1264 1446 1440 1502 patres.

199 1523 356 1569 Turre
390 1521 563 1584 procul
599 1521 706 1569 sola
740 1521 967 1570 nondum
1004 1536 1242 1569 concessa
1277 1518 1433 1568 videri

135 1602 384 1667 Antigone
418 1601 616 1665 populis
652 1610 844 1651 teneras
881 1600 1165 1651 defenditur
1199 1610 1303 1650 atra

133 1693 268 1734 veste
303 1699 454 1747 genas
471 1701 485 1744 3
531 1682 765 1746 iuxtaque
800 1699 984 1742 comes,
1024 1699 1125 1746 quo
1162 1681 1311 1731 Laius
1347 1681 1451 1730 ibat
1642 1709 1646 1712 ·
1727 1701 1835 1748 245¹

133 1763 409 1828 armigero3
455 1772 575 1813 tunc
611 1763 747 1827 virgo
783 1780 955 1813 senem
990 1762 1158 1827 regina
1192 1772 1397 1813 veretur.

135 1840 261 1908 quae
297 1844 367 1893 sic
403 1861 514 1894 orsa
547 1844 710 1908 prior:
763 1846 980 1908 ‘Spesne
1017 1845 1270 1893 obstatura
1306 1842 1522 1906 Pelasgis

132 1929 257 1976 haec
291 1926 480 1985 vexilla,
519 1928 695 1990 pater?
764 1925 963 1989 Pelopis
999 1926 1305 1975 descendere
1340 1933 1502 1973 tantas

133 2007 363 2058 audimus
399 2007 588 2071 gentis:
637 2006 731 2067 dic,
771 2023 802 2056 o
838 2023 1024 2070 precor,
1064 2015 1229 2056 extera
1262 2022 1433 2070 regum

133 2089 331 2152 agmina
347 2107 361 2150 3
408 2106 526 2138 nam
562 2088 724 2149 vide0,
764 2105 892 2152 quae
928 2096 1097 2138 noster
1133 2087 1273 2151 signa
1309 2088 1631 2145 MenoeceuS‚
1731 2105 1810 2148 250

135 2187 263 2234 quae
299 2179 468 2220 noster
502 2179 637 2234 regat
672 2187 810 2219 arma
845 2171 1025 2230 Creon,
1065 2185 1216 2233 quam
1251 2170 1412 2217 celsus
1447 2183 1573 2216 aena
1836 2174 1840 2175 ⁷

134 2250 353 2316 Sphinge
387 2269 475 2316 per
509 2250 721 2315 ingentis
759 2250 1094 2300 Homoloidas
1130 2258 1271 2300 exeat
1308 2249 1575 2298 Haemon.'

135 2332 205 2382 sic
240 2332 375 2382 rudis
411 2332 676 2397 Antigone,
716 2331 881 2382 senior
915 2331 996 2381 cui
1031 2330 1148 2380 talia
1183 2331 1436 2380 Phorbas:

140 2420 151 2441 ‘
171 2414 314 2465 Mille
350 2414 643 2478 sagittiferos
679 2413 873 2478 gelidae
908 2414 973 2463 de
1009 2414 1138 2462 colle
1174 2404 1453 2475 Tanagrae

191 2559 272 2597 229
298 2545 433 2585 affore
452 2543 541 2584 BN
727 2556 808 2594 233
837 2545 904 2583 hic
925 2543 990 2582 P:
1033 2543 1134 2583 hinc
1160 2543 1231 2583 ωδ
1248 2543 1355 2594 (nisi
1369 2542 1437 2582 his
1455 2541 1534 2596 13¹)
1684 2541 1810 2582 dictis

136 2601 275 2640 socios
294 2599 363 2639 ωδ
375 2614 384 2640 z
414 2601 554 2639 socios
574 2599 697 2639 dietis
715 2598 759 2637 P
876 2600 959 2648 236
985 2599 1112 2648 longe
1131 2597 1199 2638 P:
1234 2598 1362 2648 longo
1381 2597 1450 2637 ωδ
1538 2595 1615 2636 fuit
1634 2595 1680 2635 D
1696 2593 1809 2637 codd.

137 2655 228 2695 dett.
251 2669 260 2695 :
290 2656 381 2694 nuit
398 2654 566 2706 Bentley
674 2666 757 2704 240
776 2653 923 2693 hostes
944 2653 1012 2692 P:
1040 2653 1177 2693 hostis
1200 2653 1244 2703 (e
1264 2659 1357 2704 sup.
1378 2651 1393 2690 i
1413 2651 1491 2703 ρ’),
1510 2650 1581 2691 ωΞ
1659 2657 1810 2691 contra

136 2709 326 2760 BDQ'A
351 2712 459 2762 (sup.
478 2708 574 2759 lin.)
599 2723 609 2748 ι
638 2708 762 2748 consa
779 2708 825 2747 in
841 2721 924 2748 raS.
947 2707 1014 2747 P:
1043 2707 1155 2748 circa
1174 2706 1353 2757 ΚΝΞΩι
1488 2706 1568 2755 248
1594 2706 1737 2745 tantas
1755 2705 1811 2746 Ρ1

137 2770 227 2815 sup.
252 2769 390 2804 totas:
431 2769 582 2813 gentes
602 2763 647 2802 D
666 2777 676 2804 :
706 2769 818 2802 totas
838 2760 1046 2813 BKQNS
1281 2774 1362 2812 249
1388 2760 1626 2801 audivimus
1648 2759 1688 2811 Q
1707 2762 1723 2811 (
1729 2766 1809 2812 pro

130 2820 151 2856 f
168 2818 362 2857 audimus
376 2820 386 2840 ‘
407 2818 551 2870 schol.)
662 2817 838 2870 gentes]
859 2822 969 2857 totas
988 2816 1033 2856 D
1222 2827 1304 2866 250
1329 2822 1475 2856 nostra
1493 2813 1541 2854 N
1728 2825 1806 2864 251

138 2877 258 2923 regat
276 2872 318 2912 P
335 2887 345 2912 z
373 2878 495 2922 gerat
516 2871 585 2913 ωδ
