1884 3204
130 135 132 138 v
191 110 255 158 P.
293 110 535 160 PAPINI
572 112 778 161 STATI

198 248 402 296 damnat
436 256 575 297 atrox
609 264 797 312 suaque
831 247 937 312 ipse
972 262 1148 313 parens
1183 245 1456 312 gestamina
1489 245 1615 308 ferri,

197 324 237 374 si
273 327 468 377 damnis
504 328 733 378 rabidum
769 338 918 393 queat
953 338 1228 379 exsaturare
1263 325 1526 393 dolorem]

197 416 334 468 parte
368 407 465 457 alia
498 408 635 472 gnari
672 409 871 458 monitis
908 409 1147 459 exercitus
1182 408 1332 457 instat

196 488 391 551 auguris
426 489 608 538 aeriam
645 490 829 540 truncis
865 506 1228 553 nemorumque
1262 488 1404 537 ruina

198 568 380 618 montis
417 586 542 633 opus
578 573 829 620 cumulare
863 588 1047 635 pyram,
1086 587 1214 634 quae
1250 568 1456 618 crimina
1490 566 1621 617 caesi

195 649 367 713 anguis
404 659 452 699 et
487 650 686 700 infausti
721 661 905 701 cremet
939 661 1043 700 atra
1076 650 1272 715 piacula
1306 649 1437 698 belli.

196 728 291 795 [his
327 731 467 780 labor
500 731 714 781 accisam
750 735 978 782 Nemeen
1013 732 1347 794 umbrosaque
1382 739 1549 793 tempe

194 811 513 875 praecipitare
549 815 656 862 solo
692 815 932 876 lucosque
967 813 1229 862 ostendere
1271 808 1518 876 Phoebo]

195 892 424 941 sternitur
459 896 707 957 extemplo
743 903 931 942 veteres
967 893 1211 942 incaedua
1245 894 1372 941 ferro

195 973 315 1021 silva
349 989 533 1034 comas,
572 976 733 1038 largae
770 991 870 1037 qua
903 990 1008 1022 non
1042 973 1322 1036 opulentior
1357 973 1564 1021 umbrae

191 1053 449 1116 Argolicos
485 1054 611 1104 inter
646 1057 898 1118 saltusque
934 1055 1115 1104 educta
1149 1056 1371 1117 Lycaeos

191 1136 427 1184 extulerat
463 1152 609 1198 super
642 1145 771 1184 astra
806 1144 986 1199 caput:
1034 1144 1129 1184 stat
1164 1151 1302 1184 sacra
1335 1142 1564 1184 senectae

191 1215 410 1278 numine,
448 1234 542 1266 nec
578 1219 710 1267 solos
747 1216 1008 1266 hominum
1050 1226 1349 1281 transgressa
1382 1225 1585 1265 veterno

190 1297 342 1345 fertur
374 1314 507 1358 avos,
547 1300 807 1362 Nymphas
843 1297 992 1348 etiam
1028 1307 1246 1347 mutasse
1284 1306 1530 1362 superstes

192 1380 577 1443 Faunorumque
611 1397 795 1444 greges
867 1381 1037 1430 aderat
1072 1378 1350 1429 miserabile
1384 1380 1499 1427 luco

192 1459 469 1511 excidium:
516 1462 684 1526 fugere
719 1462 863 1521 ferae,
901 1461 1148 1524 nidosque
1184 1459 1396 1523 tepentis

188 1540 425 1590 absiliunt
460 1541 642 1606 (metus
678 1543 839 1607 urget)
874 1559 1021 1603 aves,
1068 1540 1200 1591 cadit
1235 1542 1390 1590 ardua
1423 1541 1562 1604 fagus

190 1623 573 1688 Chaoniumque
607 1641 784 1674 nemus
819 1625 1125 1687 brumaeque
1159 1623 1344 1672 inlaesa
1378 1638 1672 1687 cupressus;

187 1706 523 1768 procumbunt
557 1706 741 1770 piceae,
779 1705 991 1755 flammis
1026 1705 1261 1754 alimenta
1296 1702 1551 1770 supremis,

189 1785 396 1850 ornique
432 1786 703 1851 iliceaeque
738 1787 900 1836 trabes
937 1788 1306 1850 metuendaque
1342 1802 1462 1835 suco

187 1876 327 1916 taxus
363 1877 412 1916 et
446 1868 678 1917 infandos
714 1867 832 1917 belli
866 1877 1043 1931 potura
1078 1885 1275 1917 cruores

186 1948 401 1998 fraxinus
435 1958 586 2013 atque
622 1949 718 1998 situ
754 1966 858 1998 non
894 1948 1222 2013 expugnabile
1257 1949 1420 1998 robur.

186 2030 303 2080 hinc
337 2033 499 2081 audax
532 2032 670 2082 abies
706 2041 755 2082 et
790 2034 948 2082 odoro
983 2034 1184 2082 vulnere
1218 2031 1364 2096 pinus

187 2112 438 2174 scinditur,
476 2113 723 2163 aeclinant
758 2113 956 2163 intonsa
991 2112 1252 2162 cacumina
1286 2122 1441 2163 terrae
1493 2166 1495 2168 .

151 2242 153 2244 .
183 2198 325 2245 alnus
360 2196 521 2245 amica
554 2196 687 2246 fretis
723 2213 817 2246 nec
852 2195 1103 2260 inhospita
1135 2195 1318 2245 vitibus
1353 2197 1530 2244 ulmus.

186 2279 271 2327 dat
306 2277 546 2341 gemitum
582 2279 757 2327 tellus:
806 2294 908 2326 non
945 2276 1014 2326 sic
1050 2293 1218 2326 eversa
1253 2278 1475 2325 feruntur

187 2361 388 2420 Ismara,
428 2376 542 2408 cum
578 2360 732 2408 fracto
769 2361 953 2408 Boreas
990 2367 1138 2422 caput
1173 2357 1344 2407 extulit
1378 2366 1534 2418 antro,

186 2457 288 2489 non
324 2449 574 2504 grassante
611 2442 748 2490 Noto
785 2439 929 2489 citius
965 2449 1210 2489 nocturna
1245 2438 1432 2503 peregit

184 2524 385 2571 flamma
419 2539 596 2571 nemus
613 2540 627 2584 3
673 2521 905 2585 linquunt
939 2523 1115 2570 flentes
1151 2520 1332 2570 dilecta
1365 2522 1590 2570 locorum

183 2603 283 2653 otia
319 2621 443 2653 cana
479 2605 620 2653 Pales
657 2602 983 2667 Silvanusque
1018 2601 1199 2651 arbiter
1232 2602 1438 2651 umbrae

182 2684 560 2748 semideumque
596 2701 749 2748 pecus
765 2703 779 2746 3
827 2683 1150 2748 migrantibus
1185 2682 1403 2747 adgemit
1438 2682 1532 2732 illis
1606 2741 1609 2745 ἣ

1774 1722 1853 1754 ῙΟΟ.

1774 2128 1860 2176 105

1771 2542 1785 2571 1
1798 2519 1878 2571 10⁴

237 2818 290 2866 85
319 2816 491 2866 auguris
529 2816 572 2855 P
604 2829 705 2856 corr.
747 2816 792 2854 in
831 2828 933 2865 aug·
1155 2816 1210 2853 86
1242 2827 1350 2865 opus
1389 2812 1553 2853 Weber:
1592 2826 1702 2853 onus
1741 2813 1868 2855 Paes÷

181 2873 318 2921 88-89
348 2884 451 2920 quos
480 2871 595 2910 uncis
623 2870 776 2909 inclusi
798 2883 884 2910 om.
909 2869 951 2908 P
969 2871 1109 2922 (asser.
1140 2869 1193 2909 al.
1230 2883 1287 2908 m.
1316 2868 1532 2919 ‘deficiunt
1557 2867 1687 2916 duo')
1710 2868 1752 2907 Β
1772 2875 1841 2921 pr.
1862 2869 1879 2899 '³³

181 2940 238 2966 m.
255 2925 292 2965 L
309 2924 393 2977 Ll.‚
411 2926 561 2965 habent
577 2924 644 2965 cuS
659 2926 720 2978 <in
742 2938 879 2977 marg.
896 2924 954 2976 B)
1055 2937 1134 2975 109
1164 2923 1301 2974 pergit
1320 2923 1362 2963 A
1384 2937 1394 2962 ε
1424 2923 1588 2974 peredit
1616 2921 1878 2980 ΤιἸιόὁνοὲαῗχ·Δ
