1884 3204
146 115 200 161 P.
240 114 482 162 PAPINI
519 114 726 162 STATI

144 242 446 307 aptabatque
481 241 624 291 neci:
674 241 881 291 comites
916 249 1134 301 tenuere,
1172 246 1412 305 socerque

145 323 350 387 castigat
384 323 602 387 bellique
636 322 768 371 vices
803 338 862 371 ac
898 324 1000 371 fata
1031 324 1289 371 revolvens

144 406 330 453 solatur
365 403 628 462 tumidum,
667 404 916 467 longeque
951 419 981 451 a
1015 419 1222 466 corpore
1257 419 1372 456 caro

144 485 397 550 paulatim,
435 486 571 533 unde
607 485 750 533 dolor
783 483 969 547 letique
1004 482 1229 532 animosa
1262 484 1505 543 voluntas,
1759 492 1802 533 8

145 575 344 615 amovet
378 582 436 614 ac
472 564 619 614 tacite
654 566 836 613 ferrum
871 564 999 613 inter
1032 564 1183 613 verba
1218 563 1426 628 reponit.

147 646 344 696 ducitur
378 644 562 695 amisso
598 645 758 709 qualis
794 655 1026 695 consorte
1060 646 1288 694 laborum

148 728 330 777 deserit
365 727 620 791 inceptum
657 726 823 776 media
857 715 984 775 inter
1018 725 1186 790 iugera
1221 727 1414 774 sulcum

148 817 316 856 taurus
352 807 483 856 iners
519 808 752 870 colloque
787 806 958 869 iugum
994 808 1219 856 deforme
1254 805 1461 855 remisso

149 898 287 952 parte
323 887 487 948 trahit,
523 896 714 950 partem
750 886 1014 935 lacrimans
1050 895 1293 935 sustentat
1327 895 1501 935 arator.
1760 893 1786 933 8
1801 909 1819 937 ε
1862 884 1865 885 ’

220 973 354 1018 Ecce
388 977 556 1016 autem
591 969 815 1016 hortatus
853 966 1071 1016 Eteoclis
1107 975 1156 1015 et
1190 983 1327 1015 arma
1362 966 1532 1027 secuti,

148 1052 277 1098 lecta
311 1066 502 1109 manus,
541 1048 762 1110 iuvenes,
798 1064 924 1111 quos
960 1064 1054 1096 nec
1089 1046 1316 1096 Tritonia
1350 1047 1502 1108 bello,

149 1147 244 1180 nec
279 1147 435 1194 prope
470 1132 668 1179 conlata
703 1129 967 1193 sprevisset
1003 1127 1211 1192 cuspide
1248 1130 1464 1187 Mavors,

150 1213 456 1272 adventant3
503 1219 676 1260 contra
711 1212 937 1259 conlecta
972 1218 1026 1258 ut
1061 1218 1264 1273 pectora
1298 1225 1498 1272 parmae

151 1295 321 1342 fixerat
356 1302 507 1356 atque
542 1293 735 1340 hastam
772 1293 920 1355 longe
954 1291 1288 1354 protenderat,
1325 1291 1495 1338 haeret

150 1376 334 1424 arduus
373 1373 768 1438 Hippomedon:
816 1389 909 1421 ceu
944 1370 1178 1421 fluctibus
1215 1370 1363 1420 obvia
1397 1387 1558 1434 rupes,

154 1456 235 1505 cui
269 1473 434 1520 neque
469 1457 533 1505 de
569 1457 709 1504 caelo
746 1463 906 1504 metus
943 1463 992 1503 et
1026 1455 1179 1503 fracta
1213 1470 1431 1516 aequora
1465 1455 1664 1513 cedunt,

153 1547 248 1587 stat
283 1537 475 1587 cunctis
511 1537 720 1586 immota
755 1535 916 1595 minis,
956 1535 1079 1599 fugit
1115 1534 1220 1599 ipse
1256 1534 1496 1598 rigentem

152 1629 336 1684 pontus
372 1627 422 1668 et
457 1635 517 1667 ex
551 1620 654 1667 alto
691 1616 900 1666 miserae
935 1633 1120 1665 novere
1155 1615 1366 1665 carinae.

152 1710 273 1749 tunc
308 1699 440 1764 prior
474 1699 699 1748 Aonides
737 1697 973 1763 (validam
1010 1697 1154 1746 simul
1192 1696 1325 1760 eligit
1361 1696 1605 1759 hastam):

155 1786 166 1807 ‘
185 1783 304 1830 Non
339 1782 495 1845 pudet
531 1781 623 1828 hos
662 1779 844 1839 Manis,
882 1781 1007 1827 haec
1043 1778 1334 1827 infamantia
1369 1779 1557 1828 bellum

154 1864 328 1911 funera
362 1860 438 1910 dis
474 1877 641 1909 coram
680 1868 729 1908 et
764 1861 904 1908 caelo
938 1858 1249 1922 inspectante
1284 1858 1447 1908 tueri?

154 1942 342 1992 scilicet
377 1941 599 2006 egregius
636 1942 790 1990 sudor
826 1940 1252 2003 memorandaque
1287 1938 1439 1988 virtus

156 2026 287 2072 hanc
324 2025 570 2072 tumulare
605 2023 797 2071 feram?
843 2038 906 2070 ne
942 2038 1046 2069 non
1090 2020 1425 2070 maerentibus
1462 2023 1621 2084 Argos

152 2104 398 2168 exsequiis
435 2103 769 2152 lacrimandus
805 2112 898 2162 eat,
939 2101 1178 2165 mollique
1213 2102 1393 2150 feretro
1476 2146 1478 2148 .
1748 2122 1817 2152 10·
1875 2082 1878 2110 f

150 2186 409 2235 infandam
446 2184 664 2234 eiectans
701 2183 933 2233 saniem?
980 2182 1215 2233 dimittite
1250 2199 1435 2232 curam.
1826 2168 1827 2173 ¹

152 2268 318 2316 nullae
353 2266 493 2315 illum
529 2268 769 2326 volucres,
807 2267 943 2314 nulla
978 2263 1131 2328 impia
1167 2273 1387 2313 monstra
1423 2280 1515 2313 nec
1551 2263 1671 2327 ipse,

148 2348 192 2396 si
229 2349 422 2407 demus,
462 2347 573 2411 pius
609 2347 737 2411 ignis
774 2348 920 2396 edat.’
991 2363 1085 2395 nec
1126 2347 1281 2409 plura,
1321 2346 1409 2394 sed
1446 2344 1621 2408 ingens

152 2430 408 2493 intorquet
443 2428 675 2489 iaculum,
715 2430 841 2478 duro
878 2428 1016 2491 quod
1051 2426 1104 2475 in
1138 2443 1251 2476 aere
1289 2435 1535 2475 moratum

209 2561 264 2600 80
292 2559 490 2598 voluntas
520 2557 568 2610 (p
596 2563 690 2609 sup.
723 2557 770 2607 n)
787 2556 826 2607 Q
1017 2558 1067 2595 81
1098 2556 1169 2608 ac]
1192 2561 1236 2595 et
1256 2555 1294 2606 Q
1487 2556 1540 2594 88
1570 2554 1721 2595 collato
1754 2553 1846 2593 P·-

157 2617 212 2664 89
255 2613 448 2653 coniecta
485 2612 525 2652 Β
562 2617 599 2651 et
632 2618 839 2662 suprascr.
876 2610 951 2651 D:
994 2610 1162 2650 conlata
1196 2610 1400 2662 B marg.
1606 2622 1660 2660 92
1691 2615 1827 2649 metu

156 2669 333 2709 effracta
351 2667 428 2708 ΡΞ
590 2680 644 2718 93
674 2667 782 2717 fugit
799 2664 876 2704 PS
890 2680 900 2705 ε
930 2666 1051 2705 timet
1072 2681 1103 2704 ω
1228 2676 1282 2715 95
1310 2664 1428 2715 eligit
1459 2664 1690 2704 Heinsius:
1717 2664 1826 2704 elici

158 2722 272 2764 codd.
295 2738 304 2762 :
348 2723 449 2762 eicit
472 2721 655 2761 Bernart
870 2733 923 2770 97
954 2721 1195 2759 insectante
1223 2719 1267 2758 P
1471 2732 1526 2769 99
1555 2719 1827 2758 haerentibu
1873 2720 1875 2758 1

160 2779 207 2830 (i.
218 2792 249 2817 e.
273 2778 454 2829 integris,
479 2790 561 2815 non
586 2775 814 2816 dilaceratis
832 2775 881 2826 cf
909 2777 1114 2824 101—103)
1136 2779 1174 2814 et
1191 2774 1233 2814 in
1259 2773 1546 2825 1oorreliquiis
1575 2773 1780 2825 temptaba
1826 2791 1828 2795 ·

160 2832 289 2883 Argis
310 2832 352 2870 P
516 2845 595 2872 100
624 2836 715 2871 erat
733 2829 795 2869 Al
935 2829 1107 2869 molline
1127 2828 1191 2868 A²
