1884 3204
180 89 234 142 P,
272 89 515 141 PAPINI
551 90 757 141 STATI

176 228 376 277 advolat
411 237 460 277 et
494 226 746 291 trepidans
781 225 1005 292 (steterat
1040 244 1156 278 nam
1191 229 1317 278 forte
1351 229 1552 279 cadenti

176 308 427 372 proximus
461 307 788 372 inspectoque
823 308 971 358 miser
1004 310 1221 374 pallebat
1256 308 1416 375 hiatu)

180 393 191 414 ‘
210 391 361 438 Verte
395 390 618 453 gradum,
655 391 782 453 fuge,
820 399 981 440 rector
994 389 1008 414 '‘
1041 389 1110 439 ait
1148 393 1160 416 ‘
1177 389 1218 439 si
1254 390 1440 440 Dorica
1475 392 1650 440 saltem

177 480 302 520 terra
336 472 449 520 loco
484 469 770 535 patriaeque
806 480 1022 530 manent,
1061 470 1150 519 ubi
1184 470 1433 535 liquimuS,
1470 488 1621 520 arces.

177 567 279 600 non
314 550 476 611 armis,
514 568 616 600 non
652 552 891 616 sanguine
926 568 1082 616 opus:
1125 551 1247 616 quid
1281 550 1455 601 inutile
1489 552 1672 602 ferrum
1766 572 1783 601 1
1824 583 1828 586 -

176 630 457 695 stringimus
493 631 544 680 in
579 632 819 682 Thebas?
865 650 1033 682 currus
1069 634 1251 681 humus
1286 631 1442 696 impia
1475 633 1643 682 sorbet

174 729 410 776 armaque
445 712 774 777 bellantisque
809 704 950 763 viros
957 731 972 775 3
1016 714 1183 777 fugere
1219 730 1335 763 ecce
1371 713 1566 763 videtur

176 791 258 842 hic
293 792 442 842 etiam
478 810 580 856 quo
616 803 803 842 stamus
838 811 966 857 ager.
1038 794 1140 844 vidi
1174 794 1282 858 ipse
1316 795 1595 859 profundae

176 874 336 923 noetis
372 872 464 922 iter
498 883 740 937 ruptaque
777 873 869 923 soli
905 890 1148 938 compage
1184 884 1412 924 ruentem

175 954 315 1002 illum
349 955 461 1014 heu,
500 954 747 1017 praesagis
782 971 884 1018 quo
919 957 1084 1003 nullus
1118 954 1324 1005 amicior
1357 955 1511 1017 astris,
1769 975 1820 1018 14

177 1034 435 1095 OecIiden,
474 1036 750 1099 frustraque
786 1052 963 1084 manus
999 1052 1115 1085 cum
1150 1052 1274 1086 voce
1309 1038 1533 1086 tetendit.

177 1115 300 1164 mira
332 1118 524 1180 loquor,
563 1118 727 1166 sulcos
763 1116 1037 1166 etiamnum
1071 1126 1232 1166 rector
1267 1134 1510 1181 equorum

177 1197 552 1261 fumantemque
587 1200 755 1247 locum
791 1207 841 1247 et
875 1197 1065 1262 spumis
1100 1197 1304 1248 madida
1337 1215 1452 1247 arva
1485 1197 1695 1263 reliquit.

178 1295 271 1327 nec
306 1295 575 1328 commune
612 1280 798 1327 malum
816 1288 927 1328 est:
975 1280 1120 1328 tellus
1155 1278 1380 1343 agnoscit
1414 1281 1658 1340 alumnos,

178 1365 273 1405 stat
308 1356 552 1405 Thebana
587 1355 750 1405 acies)
810 1365 975 1420 stupet
1010 1357 1134 1406 haec
1171 1366 1219 1406 et
1255 1358 1455 1406 credere
1490 1359 1733 1408 Adrastus

177 1446 436 1487 cunctatur
453 1455 468 1499 3
513 1439 602 1487 sed
641 1439 851 1502 Mopsus
887 1437 1022 1486 idem
1059 1437 1380 1502 trepidusque
1414 1438 1603 1487 ferebat
1770 1456 1819 1500 15
1837 1464 1848 1478 υ

177 1520 332 1567 Actor
366 1517 515 1568 idem.
585 1521 693 1568 Iam
730 1520 863 1568 fama
897 1518 1038 1568 novis
1074 1519 1340 1568 terroribus
1374 1520 1538 1568 audax

177 1616 279 1649 non
315 1617 471 1649 unum
507 1599 747 1650 cecidisse
782 1602 940 1650 refert.
1014 1610 1192 1664 sponte
1227 1600 1425 1665 agmina
1459 1610 1588 1651 retro

177 1697 281 1730 non
317 1690 602 1744 exspectato
638 1690 960 1731 revocantum
997 1698 1134 1731 more
1170 1682 1403 1731 tubarum
1842 1731 1844 1734 ,

177 1761 533 1826 praecipitant:
581 1763 670 1812 sed
706 1771 869 1827 torpet
904 1762 1010 1823 iter,
1047 1764 1324 1827 falluntque
1358 1762 1544 1812 ruentis
1770 1782 1852 1828 151

176 1860 339 1908 genua
373 1842 537 1904 viros;
584 1843 778 1907 ipsique
815 1842 980 1908 (putes
1017 1843 1250 1909 sensisse)
1285 1853 1562 1909 repugnant

179 1923 473 1988 cornipedes
509 1926 750 1988 nulloque
785 1934 947 1974 truces
984 1924 1264 1974 hortamine
1298 1934 1487 1989 parent,

178 2022 271 2055 nec
307 2007 519 2055 celerare
552 2007 761 2070 gradum
796 2023 890 2056 nee
925 2008 1096 2056 tollere
1131 2006 1320 2056 lumina
1354 2016 1493 2056 terra.

177 2087 350 2138 fortius
385 2087 637 2137 incursant
673 2087 822 2152 Tyrii,
861 2089 950 2138 sed
986 2090 1178 2153 Vesper
1214 2105 1399 2153 opacus
1821 2139 1853 2144 ,Α

176 2168 360 2219 lunaris
395 2168 494 2218 iam
530 2169 668 2219 ducit
703 2186 860 2234 equos
882 2189 896 2232 3
942 2171 1058 2219 data
1093 2172 1294 2220 foedere
1329 2187 1483 2234 parvo

179 2261 367 2301 maesta
401 2250 514 2300 viris
550 2250 761 2315 requies·
780 2260 829 2300 et
864 2269 964 2301 nox
998 2261 1204 2301 auctura
1237 2251 1453 2302 timores.

238 2379 315 2430 138
344 2379 540 2431 gradum]
569 2378 712 2429 fugam
732 2378 776 2418 P
953 2392 1032 2431 139
1061 2380 1290 2431 linquimus
1310 2380 1350 2431 Q
1543 2392 1621 2431 143
1650 2379 1778 2420 etiam
1798 2380 1854 2426 in.
1879 2384 1881 2386 ’

179 2446 263 2484 quo
293 2432 340 2472 N
501 2433 704 2484 profanae
736 2436 960 2486 (suprascr.
993 2435 1279 2486 †profundae)
1309 2435 1355 2474 D
1581 2446 1656 2485 145
1685 2448 1771 2475 om.
1803 2433 1848 2475 Α

183 2489 262 2537 146
300 2487 482 2527 tetendit
518 2487 771 2538 PDN5922
820 2489 981 2529 tetendi
1018 2489 1115 2540 ΒΩι
1338 2490 1415 2539 148
1443 2488 1579 2528 lacum
1621 2489 1857 2533 Gronovius

181 2554 255 2581 ora
273 2541 317 2580 P
433 2543 603 2592 reliquit
621 2541 684 2582 P:
714 2543 862 2592 reliqui
881 2543 951 2583 ωδ
1144 2555 1222 2594 152
1251 2543 1389 2584 Actor
1406 2544 1517 2583 idem
1541 2543 1639 2594 Q’A
1662 2557 1672 2586 z
1711 2538 1879 2585 Autor·

180 2597 294 2636 idem
310 2595 347 2636 S
366 2610 376 2636 ι
403 2596 631 2637 Actorides
649 2596 880 2648 PBDQ1N
974 2599 1057 2637 iam
1077 2596 1351 2638 Sandstroem
1374 2613 1384 2638 ε
1413 2611 1511 2637 nam
1530 2597 1643 2638 codd.
1774 2610 1850 2651 154

180 2656 426 2691 revocatum
451 2651 495 2690 P
688 2664 809 2691 more
830 2652 1133 2704 suspicandum
1154 2667 1164 2692 ε
1202 2666 1259 2692 an
1289 2658 1538 2703 exspectata
1564 2655 1867 2693 remorantum-

182 2707 315 2745 voce?
427 2706 610 2745 ferarum
631 2704 674 2744 P
810 2708 888 2757 156
915 2707 1044 2758 ipsiq.
1076 2709 1300 2760 (suprascr.
1329 2707 1465 2760 ipsos)
1483 2707 1556 2746 D:
1588 2707 1787 2757 ipsosque
1831 2705 1862 2744 ’ἶ

179 2765 421 2810 repugnant
440 2759 504 2801 P:
545 2766 755 2811 ruuntque
785 2762 1006 2813 (suprascr.
1035 2767 1275 2813 repugnant
1303 2761 1365 2813 D)
1395 2777 1441 2811 ω,
1465 2760 1514 2800 dc
1530 2760 1569 2800 S
1588 2774 1672 2800 non
1699 2761 1824 2813 liquet
1837 2759 1861 2806 :J

182 2820 357 2854 ruentes
394 2815 436 2853 A
665 2815 743 2866 158
771 2816 913 2856 celare
949 2815 998 2855 N
1217 2818 1296 2857 160
1323 2816 1496 2857 foedera
1524 2814 1573 2855 N
1598 2819 1638 2856 et
1670 2828 1770 2857 corr.
1802 2828 1823 2856 e
1850 2821 1856 2849 2

181 2869 357 2909 foedere
377 2868 417 2920 Q
