<?xml version="1.0" encoding="UTF-8"?>
<!DOCTYPE html PUBLIC "-//W3C//DTD XHTML 1.0 Transitional//EN"
    "http://www.w3.org/TR/xhtml1/DTD/xhtml1-transitional.dtd">
<html xmlns="http://www.w3.org/1999/xhtml" xml:lang="en" lang="en">
 <head>
  <title>
</title>
<meta http-equiv="Content-Type" content="text/html;charset=utf-8" />
  <meta name='ocr-system' content='tesseract 3.04.00' />
  <meta name='ocr-capabilities' content='ocr_page ocr_carea ocr_par ocr_line ocrx_word'/>
</head>
<body>
  <div class='ocr_page' id='page_1' title='image "./thebaisetachille00statuoft_0024.png"; bbox 0 0 1884 3204; ppageno 0'>
   <div class='ocr_carea' id='block_1_1' title="bbox 118 86 694 136">
    <p class='ocr_par' dir='ltr' id='par_1_1' title="bbox 118 86 694 136">
     <span class='ocr_line' id='line_1_1' title="bbox 118 86 694 136; baseline 0.01 -6"><span class='ocrx_word' id='word_1_1' title='bbox 118 86 170 131; x_wconf 92' lang='lat' dir='ltr'>P.</span> <span class='ocrx_word' id='word_1_2' title='bbox 211 86 454 135; x_wconf 88' lang='grc' dir='ltr'><strong>ΡΑΡΙΝΙ</strong></span> <span class='ocrx_word' id='word_1_3' title='bbox 489 87 694 136; x_wconf 91' lang='lat' dir='ltr'>STATI</span> 
     </span>
    </p>
   </div>
   <div class='ocr_carea' id='block_1_2' title="bbox 95 225 1781 2636">
    <p class='ocr_par' dir='ltr' id='par_1_2' title="bbox 113 225 1284 289">
     <span class='ocr_line' id='line_1_2' title="bbox 113 225 1284 289; baseline 0.002 -16"><span class='ocrx_word' id='word_1_4' title='bbox 113 233 318 287; x_wconf 83' lang='lat' dir='ltr'><strong>asperat.</strong></span> <span class='ocrx_word' id='word_1_5' title='bbox 389 225 563 275; x_wconf 91' lang='lat' dir='ltr'>alterni</span> <span class='ocrx_word' id='word_1_6' title='bbox 597 226 782 289; x_wconf 83' lang='lat' dir='ltr'>placuit</span> <span class='ocrx_word' id='word_1_7' title='bbox 815 227 907 276; x_wconf 93' lang='lat' dir='ltr'>sub</span> <span class='ocrx_word' id='word_1_8' title='bbox 943 226 1132 289; x_wconf 86' lang='lat' dir='ltr'>legibus</span> <span class='ocrx_word' id='word_1_9' title='bbox 1166 227 1284 276; x_wconf 89' lang='lat' dir='ltr'>anni</span> 
     </span>
    </p>

    <p class='ocr_par' dir='ltr' id='par_1_3' title="bbox 115 305 1274 371">
     <span class='ocr_line' id='line_1_3' title="bbox 115 305 1274 371; baseline 0.003 -17"><span class='ocrx_word' id='word_1_10' title='bbox 115 305 284 355; x_wconf 90' lang='lat' dir='ltr'>exsilio</span> <span class='ocrx_word' id='word_1_11' title='bbox 319 316 509 355; x_wconf 92' lang='lat' dir='ltr'>mutare</span> <span class='ocrx_word' id='word_1_12' title='bbox 544 308 738 356; x_wconf 88' lang='lat' dir='ltr'>ducem.</span> <span class='ocrx_word' id='word_1_13' title='bbox 811 305 882 355; x_wconf 88' lang='lat' dir='ltr'>sic</span> <span class='ocrx_word' id='word_1_14' title='bbox 916 306 1020 355; x_wconf 91' lang='lat' dir='ltr'>iure</span> <span class='ocrx_word' id='word_1_15' title='bbox 1055 307 1274 371; x_wconf 87' lang='lat' dir='ltr'>maligno</span> 
     </span>
    </p>

    <p class='ocr_par' dir='ltr' id='par_1_4' title="bbox 111 387 1781 532">
     <span class='ocr_line' id='line_1_4' title="bbox 111 387 1781 454; baseline 0.005 -20"><span class='ocrx_word' id='word_1_16' title='bbox 111 387 358 436; x_wconf 90' lang='lat' dir='ltr'>fortunam</span> <span class='ocrx_word' id='word_1_17' title='bbox 394 387 597 435; x_wconf 91' lang='lat' dir='ltr'>transire</span> <span class='ocrx_word' id='word_1_18' title='bbox 630 387 816 447; x_wconf 91' lang='lat' dir='ltr'>iubent,</span> <span class='ocrx_word' id='word_1_19' title='bbox 856 395 910 435; x_wconf 93' lang='lat' dir='ltr'>ut</span> <span class='ocrx_word' id='word_1_20' title='bbox 944 397 1136 451; x_wconf 90' lang='lat' dir='ltr'>sceptra</span> <span class='ocrx_word' id='word_1_21' title='bbox 1170 397 1422 438; x_wconf 87' lang='lat' dir='ltr'>tenentem</span> <span class='ocrx_word' id='word_1_22' title='bbox 1699 413 1781 454; x_wconf 85' lang='lat'>¹40</span> 
     </span>
     <span class='ocr_line' id='line_1_5' title="bbox 111 466 1446 532; baseline 0.003 -18"><span class='ocrx_word' id='word_1_23' title='bbox 111 468 310 516; x_wconf 91' lang='lat' dir='ltr'>foedere</span> <span class='ocrx_word' id='word_1_24' title='bbox 344 466 599 530; x_wconf 84' lang='lat' dir='ltr'>praecipiti</span> <span class='ocrx_word' id='word_1_25' title='bbox 634 484 829 530; x_wconf 83' lang='lat' dir='ltr'>semper</span> <span class='ocrx_word' id='word_1_26' title='bbox 863 484 1021 516; x_wconf 91' lang='lat' dir='ltr'>novus</span> <span class='ocrx_word' id='word_1_27' title='bbox 1055 478 1256 532; x_wconf 89' lang='lat' dir='ltr'>angeret</span> <span class='ocrx_word' id='word_1_28' title='bbox 1291 471 1446 519; x_wconf 89' lang='lat' dir='ltr'>heres.</span> 
     </span>
    </p>

    <p class='ocr_par' dir='ltr' id='par_1_5' title="bbox 111 547 1506 614">
     <span class='ocr_line' id='line_1_6' title="bbox 111 547 1506 614; baseline 0.004 -20"><span class='ocrx_word' id='word_1_29' title='bbox 111 550 234 596; x_wconf 90' lang='lat' dir='ltr'>haec</span> <span class='ocrx_word' id='word_1_30' title='bbox 269 547 395 596; x_wconf 91' lang='lat' dir='ltr'>inter</span> <span class='ocrx_word' id='word_1_31' title='bbox 427 549 597 596; x_wconf 90' lang='lat' dir='ltr'>fratres</span> <span class='ocrx_word' id='word_1_32' title='bbox 632 547 789 610; x_wconf 90' lang='lat' dir='ltr'>pietas</span> <span class='ocrx_word' id='word_1_33' title='bbox 825 556 940 608; x_wconf 91' lang='lat' dir='ltr'>erat,</span> <span class='ocrx_word' id='word_1_34' title='bbox 978 550 1102 598; x_wconf 89' lang='lat' dir='ltr'>haec</span> <span class='ocrx_word' id='word_1_35' title='bbox 1138 566 1276 598; x_wconf 88' lang='lat' dir='ltr'>mora</span> <span class='ocrx_word' id='word_1_36' title='bbox 1309 566 1506 614; x_wconf 84' lang='lat' dir='ltr'>pugnae</span> 
     </span>
    </p>

    <p class='ocr_par' dir='ltr' id='par_1_6' title="bbox 110 627 1310 691">
     <span class='ocr_line' id='line_1_7' title="bbox 110 627 1310 691; baseline 0.003 -15"><span class='ocrx_word' id='word_1_37' title='bbox 110 629 214 676; x_wconf 91' lang='lat' dir='ltr'>sola</span> <span class='ocrx_word' id='word_1_38' title='bbox 250 645 342 676; x_wconf 94' lang='lat' dir='ltr'>nec</span> <span class='ocrx_word' id='word_1_39' title='bbox 377 627 429 675; x_wconf 90' lang='lat' dir='ltr'>in</span> <span class='ocrx_word' id='word_1_40' title='bbox 465 644 628 691; x_wconf 89' lang='lat' dir='ltr'>regem</span> <span class='ocrx_word' id='word_1_41' title='bbox 664 629 986 691; x_wconf 88' lang='lat' dir='ltr'>perduratura</span> <span class='ocrx_word' id='word_1_42' title='bbox 1020 632 1310 679; x_wconf 92' lang='lat' dir='ltr'>secundum.</span> 
     </span>
    </p>

    <p class='ocr_par' dir='ltr' id='par_1_7' title="bbox 108 708 1322 771">
     <span class='ocr_line' id='line_1_8' title="bbox 108 708 1322 771; baseline 0.002 -14"><span class='ocrx_word' id='word_1_43' title='bbox 108 717 157 757; x_wconf 91' lang='lat' dir='ltr'>et</span> <span class='ocrx_word' id='word_1_44' title='bbox 192 710 418 757; x_wconf 90' lang='lat' dir='ltr'>nondum</span> <span class='ocrx_word' id='word_1_45' title='bbox 453 725 619 757; x_wconf 88' lang='lat' dir='ltr'>crasso</span> <span class='ocrx_word' id='word_1_46' title='bbox 653 708 903 771; x_wconf 86' lang='lat' dir='ltr'>laquearia</span> <span class='ocrx_word' id='word_1_47' title='bbox 936 711 1068 758; x_wconf 90' lang='lat' dir='ltr'>fulva</span> <span class='ocrx_word' id='word_1_48' title='bbox 1088 713 1322 771; x_wconf 85' lang='lat' dir='ltr'>.metallo‚</span> 
     </span>
    </p>

    <p class='ocr_par' dir='ltr' id='par_1_8' title="bbox 106 788 1770 934">
     <span class='ocr_line' id='line_1_9' title="bbox 108 788 1770 856; baseline 0.003 -19"><span class='ocrx_word' id='word_1_49' title='bbox 108 789 360 838; x_wconf 91' lang='lat' dir='ltr'>montibus</span> <span class='ocrx_word' id='word_1_50' title='bbox 395 798 481 837; x_wconf 91' lang='lat' dir='ltr'>aut</span> <span class='ocrx_word' id='word_1_51' title='bbox 515 791 612 837; x_wconf 93' lang='lat' dir='ltr'>alte</span> <span class='ocrx_word' id='word_1_52' title='bbox 648 788 789 838; x_wconf 91' lang='lat' dir='ltr'>Grais</span> <span class='ocrx_word' id='word_1_53' title='bbox 825 791 994 838; x_wconf 88' lang='lat' dir='ltr'>effulta</span> <span class='ocrx_word' id='word_1_54' title='bbox 1026 790 1253 840; x_wconf 90' lang='lat' dir='ltr'>nitebant</span> <span class='ocrx_word' id='word_1_55' title='bbox 1694 813 1770 856; x_wconf 88' lang='lat'>145</span> 
     </span>
     <span class='ocr_line' id='line_1_10' title="bbox 106 869 1278 934; baseline 0.003 -16"><span class='ocrx_word' id='word_1_56' title='bbox 106 869 239 929; x_wconf 88' lang='lat' dir='ltr'>atria,</span> <span class='ocrx_word' id='word_1_57' title='bbox 278 878 540 932; x_wconf 89' lang='lat' dir='ltr'>congestos</span> <span class='ocrx_word' id='word_1_58' title='bbox 577 869 693 918; x_wconf 89' lang='lat' dir='ltr'>satis</span> <span class='ocrx_word' id='word_1_59' title='bbox 729 870 1015 934; x_wconf 88' lang='lat' dir='ltr'>explicitura</span> <span class='ocrx_word' id='word_1_60' title='bbox 1049 871 1278 933; x_wconf 85' lang='lat' dir='ltr'>clientis;</span> 
     </span>
    </p>

    <p class='ocr_par' dir='ltr' id='par_1_9' title="bbox 106 950 1279 1015">
     <span class='ocr_line' id='line_1_11' title="bbox 106 950 1279 1015; baseline 0.003 -17"><span class='ocrx_word' id='word_1_61' title='bbox 106 967 207 999; x_wconf 91' lang='lat' dir='ltr'>non</span> <span class='ocrx_word' id='word_1_62' title='bbox 243 950 500 1014; x_wconf 87' lang='lat' dir='ltr'>impacatis</span> <span class='ocrx_word' id='word_1_63' title='bbox 535 968 705 1014; x_wconf 89' lang='lat' dir='ltr'>regum</span> <span class='ocrx_word' id='word_1_64' title='bbox 740 951 1058 1015; x_wconf 85' lang='lat' dir='ltr'>advigilantia</span> <span class='ocrx_word' id='word_1_65' title='bbox 1091 953 1279 1002; x_wconf 88' lang='lat' dir='ltr'>somnis</span> 
     </span>
    </p>

    <p class='ocr_par' dir='ltr' id='par_1_10' title="bbox 104 1030 1251 1097">
     <span class='ocr_line' id='line_1_12' title="bbox 104 1030 1251 1097; baseline 0.004 -19"><span class='ocrx_word' id='word_1_66' title='bbox 104 1030 217 1093; x_wconf 90' lang='lat' dir='ltr'>pila,</span> <span class='ocrx_word' id='word_1_67' title='bbox 255 1047 349 1079; x_wconf 92' lang='lat' dir='ltr'>nec</span> <span class='ocrx_word' id='word_1_68' title='bbox 383 1033 570 1080; x_wconf 90' lang='lat' dir='ltr'>alterna</span> <span class='ocrx_word' id='word_1_69' title='bbox 603 1031 715 1080; x_wconf 93' lang='lat' dir='ltr'>ferri</span> <span class='ocrx_word' id='word_1_70' title='bbox 750 1032 962 1082; x_wconf 90' lang='lat' dir='ltr'>statione</span> <span class='ocrx_word' id='word_1_71' title='bbox 996 1043 1251 1097; x_wconf 87' lang='lat' dir='ltr'>gementes</span> 
     </span>
    </p>

    <p class='ocr_par' dir='ltr' id='par_1_11' title="bbox 104 1111 1414 1178">
     <span class='ocr_line' id='line_1_13' title="bbox 104 1111 1414 1178; baseline 0.002 -18"><span class='ocrx_word' id='word_1_72' title='bbox 104 1111 353 1172; x_wconf 84' lang='lat' dir='ltr'>excubiae,</span> <span class='ocrx_word' id='word_1_73' title='bbox 393 1128 487 1160; x_wconf 91' lang='lat' dir='ltr'>nec</span> <span class='ocrx_word' id='word_1_74' title='bbox 523 1129 639 1160; x_wconf 88' lang='lat' dir='ltr'>cura</span> <span class='ocrx_word' id='word_1_75' title='bbox 675 1129 812 1161; x_wconf 89' lang='lat' dir='ltr'>mero</span> <span class='ocrx_word' id='word_1_76' title='bbox 847 1113 1159 1163; x_wconf 86' lang='lat' dir='ltr'>committere</span> <span class='ocrx_word' id='word_1_77' title='bbox 1191 1131 1414 1178; x_wconf 84' lang='lat' dir='ltr'>gemmas</span> 
     </span>
    </p>

    <p class='ocr_par' dir='ltr' id='par_1_12' title="bbox 102 1192 1772 1340">
     <span class='ocr_line' id='line_1_14' title="bbox 103 1192 1772 1259; baseline 0.003 -18"><span class='ocrx_word' id='word_1_78' title='bbox 103 1202 254 1256; x_wconf 89' lang='lat' dir='ltr'>atque</span> <span class='ocrx_word' id='word_1_79' title='bbox 286 1210 461 1242; x_wconf 91' lang='lat' dir='ltr'>aurum</span> <span class='ocrx_word' id='word_1_80' title='bbox 496 1192 679 1242; x_wconf 88' lang='lat' dir='ltr'>violare</span> <span class='ocrx_word' id='word_1_81' title='bbox 714 1193 867 1243; x_wconf 91' lang='lat' dir='ltr'>cibis:</span> <span class='ocrx_word' id='word_1_82' title='bbox 904 1196 994 1244; x_wconf 93' lang='lat' dir='ltr'>sed</span> <span class='ocrx_word' id='word_1_83' title='bbox 1029 1197 1166 1245; x_wconf 89' lang='lat' dir='ltr'>nuda</span> <span class='ocrx_word' id='word_1_84' title='bbox 1199 1205 1420 1259; x_wconf 88' lang='lat' dir='ltr'>potestas</span> <span class='ocrx_word' id='word_1_85' title='bbox 1694 1218 1772 1259; x_wconf 84' lang='lat'>150</span> 
     </span>
     <span class='ocr_line' id='line_1_15' title="bbox 102 1273 1391 1340; baseline 0.003 -19"><span class='ocrx_word' id='word_1_86' title='bbox 102 1273 307 1322; x_wconf 81' lang='lat' dir='ltr'>armavit</span> <span class='ocrx_word' id='word_1_87' title='bbox 342 1276 524 1334; x_wconf 88' lang='lat' dir='ltr'>fratres,</span> <span class='ocrx_word' id='word_1_88' title='bbox 562 1290 730 1337; x_wconf 87' lang='lat' dir='ltr'>pugna</span> <span class='ocrx_word' id='word_1_89' title='bbox 765 1283 839 1323; x_wconf 93' lang='lat' dir='ltr'>est</span> <span class='ocrx_word' id='word_1_90' title='bbox 874 1277 938 1325; x_wconf 91' lang='lat' dir='ltr'>de</span> <span class='ocrx_word' id='word_1_91' title='bbox 974 1293 1194 1340; x_wconf 88' lang='lat' dir='ltr'>paupere</span> <span class='ocrx_word' id='word_1_92' title='bbox 1225 1293 1391 1340; x_wconf 85' lang='lat' dir='ltr'>regno.</span> 
     </span>
    </p>

    <p class='ocr_par' dir='ltr' id='par_1_13' title="bbox 103 1357 1467 1421">
     <span class='ocr_line' id='line_1_16' title="bbox 103 1357 1467 1421; baseline 0.002 -18"><span class='ocrx_word' id='word_1_93' title='bbox 103 1357 324 1418; x_wconf 89' lang='lat' dir='ltr'>dumque</span> <span class='ocrx_word' id='word_1_94' title='bbox 360 1364 468 1404; x_wconf 92' lang='lat' dir='ltr'>uter</span> <span class='ocrx_word' id='word_1_95' title='bbox 501 1364 740 1421; x_wconf 86' lang='lat' dir='ltr'>angustae</span> <span class='ocrx_word' id='word_1_96' title='bbox 775 1357 1052 1419; x_wconf 88' lang='lat' dir='ltr'>squalentia</span> <span class='ocrx_word' id='word_1_97' title='bbox 1086 1357 1254 1421; x_wconf 87' lang='lat' dir='ltr'>iugera</span> <span class='ocrx_word' id='word_1_98' title='bbox 1291 1357 1467 1406; x_wconf 83' lang='lat' dir='ltr'>Dirces</span> 
     </span>
    </p>

    <p class='ocr_par' dir='ltr' id='par_1_14' title="bbox 102 1435 1266 1499">
     <span class='ocr_line' id='line_1_17' title="bbox 102 1435 1266 1499; baseline 0.003 -16"><span class='ocrx_word' id='word_1_99' title='bbox 102 1445 311 1485; x_wconf 90' lang='lat' dir='ltr'>verteret</span> <span class='ocrx_word' id='word_1_100' title='bbox 343 1445 428 1484; x_wconf 88' lang='lat' dir='ltr'>aut</span> <span class='ocrx_word' id='word_1_101' title='bbox 462 1435 599 1499; x_wconf 91' lang='lat' dir='ltr'>Tyrii</span> <span class='ocrx_word' id='word_1_102' title='bbox 635 1436 760 1486; x_wconf 90' lang='lat' dir='ltr'>solio</span> <span class='ocrx_word' id='word_1_103' title='bbox 796 1454 899 1486; x_wconf 89' lang='lat' dir='ltr'>non</span> <span class='ocrx_word' id='word_1_104' title='bbox 934 1439 1062 1487; x_wconf 90' lang='lat' dir='ltr'>altus</span> <span class='ocrx_word' id='word_1_105' title='bbox 1098 1447 1266 1487; x_wconf 90' lang='lat' dir='ltr'>ovaret</span> 
     </span>
    </p>

    <p class='ocr_par' dir='ltr' id='par_1_15' title="bbox 101 1517 1418 1584">
     <span class='ocr_line' id='line_1_18' title="bbox 101 1517 1418 1584; baseline 0.003 -19"><span class='ocrx_word' id='word_1_106' title='bbox 101 1517 281 1566; x_wconf 87' lang='lat' dir='ltr'>exsulis</span> <span class='ocrx_word' id='word_1_107' title='bbox 314 1517 592 1581; x_wconf 87' lang='lat' dir='ltr'>ambigitur,</span> <span class='ocrx_word' id='word_1_108' title='bbox 630 1518 773 1582; x_wconf 90' lang='lat' dir='ltr'>periit</span> <span class='ocrx_word' id='word_1_109' title='bbox 808 1518 883 1568; x_wconf 92' lang='lat' dir='ltr'>ius</span> <span class='ocrx_word' id='word_1_110' title='bbox 918 1521 1090 1583; x_wconf 91' lang='lat' dir='ltr'>fasque</span> <span class='ocrx_word' id='word_1_111' title='bbox 1125 1521 1418 1584; x_wconf 91' lang='lat' dir='ltr'>bonumque</span> 
     </span>
    </p>

    <p class='ocr_par' dir='ltr' id='par_1_16' title="bbox 99 1598 1769 1744">
     <span class='ocr_line' id='line_1_19' title="bbox 101 1598 1769 1665; baseline 0.003 -19"><span class='ocrx_word' id='word_1_112' title='bbox 101 1608 149 1647; x_wconf 92' lang='lat' dir='ltr'>et</span> <span class='ocrx_word' id='word_1_113' title='bbox 185 1598 313 1647; x_wconf 90' lang='lat' dir='ltr'>vitae</span> <span class='ocrx_word' id='word_1_114' title='bbox 350 1598 620 1663; x_wconf 89' lang='lat' dir='ltr'>mortisque</span> <span class='ocrx_word' id='word_1_115' title='bbox 656 1601 831 1663; x_wconf 88' lang='lat' dir='ltr'>pudor.</span> <span class='ocrx_word' id='word_1_116' title='bbox 905 1617 1009 1664; x_wconf 92' lang='lat' dir='ltr'>quo</span> <span class='ocrx_word' id='word_1_117' title='bbox 1043 1601 1245 1651; x_wconf 90' lang='lat' dir='ltr'>tenditis</span> <span class='ocrx_word' id='word_1_118' title='bbox 1282 1601 1390 1661; x_wconf 81' lang='lat' dir='ltr'>iras,</span> <span class='ocrx_word' id='word_1_119' title='bbox 1447 1602 1449 1604; x_wconf 67' lang='grc'>’</span> <span class='ocrx_word' id='word_1_120' title='bbox 1693 1624 1709 1651; x_wconf 79' lang='grc' dir='ltr'><strong><em>ι</em></strong></span> <span class='ocrx_word' id='word_1_121' title='bbox 1718 1625 1769 1665; x_wconf 85' lang='lat'>55</span> 
     </span>
     <span class='ocr_line' id='line_1_20' title="bbox 99 1679 1337 1744; baseline 0.004 -17"><span class='ocrx_word' id='word_1_122' title='bbox 99 1697 140 1738; x_wconf 88' lang='lat' dir='ltr'>a,</span> <span class='ocrx_word' id='word_1_123' title='bbox 181 1679 384 1728; x_wconf 87' lang='lat' dir='ltr'>miseri?</span> <span class='ocrx_word' id='word_1_124' title='bbox 442 1679 564 1743; x_wconf 92' lang='lat' dir='ltr'>quid</span> <span class='ocrx_word' id='word_1_125' title='bbox 599 1680 640 1729; x_wconf 91' lang='lat' dir='ltr'>si</span> <span class='ocrx_word' id='word_1_126' title='bbox 674 1690 921 1744; x_wconf 91' lang='lat' dir='ltr'>peteretur</span> <span class='ocrx_word' id='word_1_127' title='bbox 955 1681 1160 1732; x_wconf 86' lang='lat' dir='ltr'>crimine</span> <span class='ocrx_word' id='word_1_128' title='bbox 1195 1692 1337 1732; x_wconf 91' lang='lat' dir='ltr'>tanto</span> 
     </span>
    </p>

    <p class='ocr_par' dir='ltr' id='par_1_17' title="bbox 99 1760 1338 1825">
     <span class='ocr_line' id='line_1_21' title="bbox 99 1760 1338 1825; baseline 0.004 -17"><span class='ocrx_word' id='word_1_129' title='bbox 99 1760 240 1809; x_wconf 91' lang='lat' dir='ltr'>limes</span> <span class='ocrx_word' id='word_1_130' title='bbox 276 1769 483 1823; x_wconf 88' lang='lat' dir='ltr'>uterque</span> <span class='ocrx_word' id='word_1_131' title='bbox 517 1761 633 1823; x_wconf 91' lang='lat' dir='ltr'>poli,</span> <span class='ocrx_word' id='word_1_132' title='bbox 673 1778 823 1825; x_wconf 91' lang='lat' dir='ltr'>quem</span> <span class='ocrx_word' id='word_1_133' title='bbox 860 1765 944 1812; x_wconf 90' lang='lat' dir='ltr'>Sol</span> <span class='ocrx_word' id='word_1_134' title='bbox 981 1763 1189 1812; x_wconf 90' lang='lat' dir='ltr'>emissus</span> <span class='ocrx_word' id='word_1_135' title='bbox 1227 1766 1338 1813; x_wconf 90' lang='lat' dir='ltr'>Eoo</span> 
     </span>
    </p>

    <p class='ocr_par' dir='ltr' id='par_1_18' title="bbox 99 1841 1497 1908">
     <span class='ocr_line' id='line_1_22' title="bbox 99 1841 1497 1908; baseline 0.002 -18"><span class='ocrx_word' id='word_1_136' title='bbox 99 1841 315 1903; x_wconf 86' lang='lat' dir='ltr'>cardine,</span> <span class='ocrx_word' id='word_1_137' title='bbox 351 1859 500 1905; x_wconf 91' lang='lat' dir='ltr'>quem</span> <span class='ocrx_word' id='word_1_138' title='bbox 537 1851 683 1906; x_wconf 86' lang='lat' dir='ltr'>portu</span> <span class='ocrx_word' id='word_1_139' title='bbox 718 1861 924 1907; x_wconf 87' lang='lat' dir='ltr'>vergens</span> <span class='ocrx_word' id='word_1_140' title='bbox 960 1854 1243 1908; x_wconf 89' lang='lat' dir='ltr'>prospectat</span> <span class='ocrx_word' id='word_1_141' title='bbox 1287 1844 1497 1905; x_wconf 81' lang='lat' dir='ltr'>Hibero,</span> 
     </span>
    </p>

    <p class='ocr_par' dir='ltr' id='par_1_19' title="bbox 98 1924 1342 1989">
     <span class='ocr_line' id='line_1_23' title="bbox 98 1924 1342 1989; baseline 0.003 -19"><span class='ocrx_word' id='word_1_142' title='bbox 98 1939 322 1986; x_wconf 89' lang='lat' dir='ltr'>quasque</span> <span class='ocrx_word' id='word_1_143' title='bbox 355 1924 528 1985; x_wconf 88' lang='lat' dir='ltr'>procul</span> <span class='ocrx_word' id='word_1_144' title='bbox 563 1931 713 1972; x_wconf 90' lang='lat' dir='ltr'>terras</span> <span class='ocrx_word' id='word_1_145' title='bbox 749 1924 956 1987; x_wconf 93' lang='lat' dir='ltr'>obliquo</span> <span class='ocrx_word' id='word_1_146' title='bbox 992 1925 1151 1975; x_wconf 90' lang='lat' dir='ltr'>sidere</span> <span class='ocrx_word' id='word_1_147' title='bbox 1187 1926 1342 1989; x_wconf 87' lang='lat' dir='ltr'>tangit</span> 
     </span>
    </p>

    <p class='ocr_par' dir='ltr' id='par_1_20' title="bbox 95 2002 1770 2312">
     <span class='ocr_line' id='line_1_24' title="bbox 95 2002 1770 2070; baseline 0.003 -20"><span class='ocrx_word' id='word_1_148' title='bbox 95 2002 233 2050; x_wconf 87' lang='lat' dir='ltr'>avius</span> <span class='ocrx_word' id='word_1_149' title='bbox 267 2011 353 2050; x_wconf 88' lang='lat' dir='ltr'>aut</span> <span class='ocrx_word' id='word_1_150' title='bbox 389 2005 550 2051; x_wconf 92' lang='lat' dir='ltr'>Borea</span> <span class='ocrx_word' id='word_1_151' title='bbox 582 2003 769 2066; x_wconf 90' lang='lat' dir='ltr'>gelidas</span> <span class='ocrx_word' id='word_1_152' title='bbox 805 2005 1055 2055; x_wconf 91' lang='lat' dir='ltr'>madidive</span> <span class='ocrx_word' id='word_1_153' title='bbox 1091 2006 1306 2070; x_wconf 88' lang='lat' dir='ltr'>tepentis</span> <span class='ocrx_word' id='word_1_154' title='bbox 1691 2016 1770 2056; x_wconf 91' lang='lat'>160</span> 
     </span>
     <span class='ocr_line' id='line_1_25' title="bbox 96 2082 1571 2150; baseline 0.004 -21"><span class='ocrx_word' id='word_1_155' title='bbox 96 2082 209 2144; x_wconf 89' lang='lat' dir='ltr'>igne</span> <span class='ocrx_word' id='word_1_156' title='bbox 245 2082 409 2132; x_wconf 88' lang='lat' dir='ltr'>Noti?</span> <span class='ocrx_word' id='word_1_157' title='bbox 460 2082 581 2146; x_wconf 90' lang='lat' dir='ltr'>quid</span> <span class='ocrx_word' id='word_1_158' title='bbox 617 2083 658 2132; x_wconf 94' lang='lat' dir='ltr'>si</span> <span class='ocrx_word' id='word_1_159' title='bbox 694 2084 936 2148; x_wconf 88' lang='lat' dir='ltr'>Phrygiae</span> <span class='ocrx_word' id='word_1_160' title='bbox 972 2086 1250 2150; x_wconf 89' lang='lat' dir='ltr'>Tyriaeque</span> <span class='ocrx_word' id='word_1_161' title='bbox 1285 2087 1379 2135; x_wconf 92' lang='lat' dir='ltr'>sub</span> <span class='ocrx_word' id='word_1_162' title='bbox 1416 2104 1571 2135; x_wconf 89' lang='lat' dir='ltr'>unum</span> 
     </span>
     <span class='ocr_line' id='line_1_26' title="bbox 97 2166 1509 2230; baseline 0.004 -19"><span class='ocrx_word' id='word_1_163' title='bbox 97 2172 451 2212; x_wconf 90' lang='lat' dir='ltr'>convectentur</span> <span class='ocrx_word' id='word_1_164' title='bbox 485 2166 647 2228; x_wconf 85' lang='lat' dir='ltr'>opes?</span> <span class='ocrx_word' id='word_1_165' title='bbox 704 2166 814 2214; x_wconf 89' lang='lat' dir='ltr'>loc&#39;a</span> <span class='ocrx_word' id='word_1_166' title='bbox 850 2166 956 2215; x_wconf 86' lang='lat' dir='ltr'>dira</span> <span class='ocrx_word' id='word_1_167' title='bbox 990 2184 1228 2230; x_wconf 86' lang='lat' dir='ltr'>arcesque</span> <span class='ocrx_word' id='word_1_168' title='bbox 1264 2169 1509 2217; x_wconf 83' lang='lat' dir='ltr'>nefandae</span> 
     </span>
     <span class='ocr_line' id='line_1_27' title="bbox 97 2243 1363 2312; baseline 0.005 -21"><span class='ocrx_word' id='word_1_169' title='bbox 97 2245 333 2293; x_wconf 85' lang='lat' dir='ltr'>suffecere</span> <span class='ocrx_word' id='word_1_170' title='bbox 368 2243 502 2305; x_wconf 91' lang='lat' dir='ltr'>odio,</span> <span class='ocrx_word' id='word_1_171' title='bbox 538 2244 775 2309; x_wconf 86' lang='lat' dir='ltr'>furiisque</span> <span class='ocrx_word' id='word_1_172' title='bbox 809 2245 1110 2297; x_wconf 90' lang='lat' dir='ltr'>immanibus</span> <span class='ocrx_word' id='word_1_173' title='bbox 1139 2257 1363 2312; x_wconf 85' lang='lat' dir='ltr'>emptum</span> 
     </span>
    </p>

    <p class='ocr_par' dir='ltr' id='par_1_21' title="bbox 97 2324 1348 2388">
     <span class='ocr_line' id='line_1_28' title="bbox 97 2324 1348 2388; baseline 0.005 -15"><span class='ocrx_word' id='word_1_174' title='bbox 97 2324 393 2388; x_wconf 88' lang='lat' dir='ltr'>Oedipodae</span> <span class='ocrx_word' id='word_1_175' title='bbox 428 2325 614 2375; x_wconf 89' lang='lat' dir='ltr'>sedisse</span> <span class='ocrx_word' id='word_1_176' title='bbox 649 2328 776 2376; x_wconf 88' lang='lat' dir='ltr'>loco.</span> <span class='ocrx_word' id='word_1_177' title='bbox 849 2327 948 2376; x_wconf 88' lang='lat' dir='ltr'>iam</span> <span class='ocrx_word' id='word_1_178' title='bbox 984 2338 1116 2378; x_wconf 89' lang='lat' dir='ltr'>sorte</span> <span class='ocrx_word' id='word_1_179' title='bbox 1150 2329 1348 2379; x_wconf 90' lang='lat' dir='ltr'>carebat</span> 
     </span>
    </p>

    <p class='ocr_par' dir='ltr' id='par_1_22' title="bbox 96 2404 1767 2548">
     <span class='ocr_line' id='line_1_29' title="bbox 96 2404 1767 2474; baseline 0.004 -20"><span class='ocrx_word' id='word_1_180' title='bbox 96 2404 277 2454; x_wconf 85' lang='lat' dir='ltr'>dilatus</span> <span class='ocrx_word' id='word_1_181' title='bbox 313 2405 561 2469; x_wconf 88' lang='lat' dir='ltr'>Polynicis</span> <span class='ocrx_word' id='word_1_182' title='bbox 597 2409 772 2457; x_wconf 84' lang='lat' dir='ltr'>honos.</span> <span class='ocrx_word' id='word_1_183' title='bbox 845 2408 955 2472; x_wconf 91' lang='lat' dir='ltr'>quis</span> <span class='ocrx_word' id='word_1_184' title='bbox 991 2419 1111 2459; x_wconf 91' lang='lat' dir='ltr'>tunc</span> <span class='ocrx_word' id='word_1_185' title='bbox 1145 2410 1250 2471; x_wconf 90' lang='lat' dir='ltr'>tibi,</span> <span class='ocrx_word' id='word_1_186' title='bbox 1288 2426 1446 2470; x_wconf 88' lang='lat' dir='ltr'>saeve,</span> <span class='ocrx_word' id='word_1_187' title='bbox 1692 2421 1767 2474; x_wconf 82' lang='lat'>1⁶5</span> 
     </span>
     <span class='ocr_line' id='line_1_30' title="bbox 97 2484 1362 2548; baseline 0.006 -15"><span class='ocrx_word' id='word_1_188' title='bbox 97 2484 207 2548; x_wconf 86' lang='lat' dir='ltr'>quis</span> <span class='ocrx_word' id='word_1_189' title='bbox 242 2485 333 2534; x_wconf 89' lang='lat' dir='ltr'>fuit</span> <span class='ocrx_word' id='word_1_190' title='bbox 368 2486 450 2535; x_wconf 90' lang='lat' dir='ltr'>ille</span> <span class='ocrx_word' id='word_1_191' title='bbox 485 2487 606 2548; x_wconf 87' lang='lat' dir='ltr'>dies,</span> <span class='ocrx_word' id='word_1_192' title='bbox 644 2505 800 2537; x_wconf 90' lang='lat' dir='ltr'>vacua</span> <span class='ocrx_word' id='word_1_193' title='bbox 836 2506 951 2538; x_wconf 92' lang='lat' dir='ltr'>cum</span> <span class='ocrx_word' id='word_1_194' title='bbox 993 2492 1127 2540; x_wconf 91' lang='lat' dir='ltr'>solus</span> <span class='ocrx_word' id='word_1_195' title='bbox 1163 2491 1215 2539; x_wconf 91' lang='lat' dir='ltr'>in</span> <span class='ocrx_word' id='word_1_196' title='bbox 1249 2493 1362 2540; x_wconf 92' lang='lat' dir='ltr'>aula</span> 
     </span>
    </p>

    <p class='ocr_par' dir='ltr' id='par_1_23' title="bbox 96 2566 1440 2636">
     <span class='ocr_line' id='line_1_31' title="bbox 96 2566 1440 2636; baseline 0.005 -21"><span class='ocrx_word' id='word_1_197' title='bbox 96 2566 365 2630; x_wconf 90' lang='lat' dir='ltr'>respiceres</span> <span class='ocrx_word' id='word_1_198' title='bbox 401 2567 477 2616; x_wconf 91' lang='lat' dir='ltr'>ius</span> <span class='ocrx_word' id='word_1_199' title='bbox 515 2585 665 2617; x_wconf 91' lang='lat' dir='ltr'>omne</span> <span class='ocrx_word' id='word_1_200' title='bbox 700 2579 842 2618; x_wconf 89' lang='lat' dir='ltr'>tuum</span> <span class='ocrx_word' id='word_1_201' title='bbox 879 2580 1188 2636; x_wconf 89' lang='lat' dir='ltr'>cunctosque</span> <span class='ocrx_word' id='word_1_202' title='bbox 1223 2572 1440 2622; x_wconf 89' lang='lat' dir='ltr'>minores</span> 
     </span>
    </p>
   </div>
   <div class='ocr_carea' id='block_1_3' title="bbox 96 2696 1768 2919">
    <p class='ocr_par' dir='ltr' id='par_1_24' title="bbox 96 2696 1768 2919">
     <span class='ocr_line' id='line_1_32' title="bbox 154 2696 1768 2752; baseline 0.005 -18"><span class='ocrx_word' id='word_1_203' title='bbox 154 2709 230 2746; x_wconf 91' lang='lat'>144</span> <span class='ocrx_word' id='word_1_204' title='bbox 259 2696 373 2736; x_wconf 87' lang='lat' dir='ltr'>fulva</span> <span class='ocrx_word' id='word_1_205' title='bbox 401 2697 501 2737; x_wconf 72' lang='lat' dir='ltr'>Pm:</span> <span class='ocrx_word' id='word_1_206' title='bbox 530 2698 633 2738; x_wconf 86' lang='lat' dir='ltr'>fulta</span> <span class='ocrx_word' id='word_1_207' title='bbox 664 2698 838 2739; x_wconf 80' lang='lat' dir='ltr'>Mueller</span> <span class='ocrx_word' id='word_1_208' title='bbox 1022 2713 1096 2752; x_wconf 91' lang='lat'>157</span> <span class='ocrx_word' id='word_1_209' title='bbox 1129 2702 1227 2752; x_wconf 90' lang='lat' dir='ltr'>polo</span> <span class='ocrx_word' id='word_1_210' title='bbox 1255 2702 1299 2740; x_wconf 91' lang='lat' dir='ltr'><em>P</em></span> <span class='ocrx_word' id='word_1_211' title='bbox 1404 2702 1523 2741; x_wconf 88' lang='lat' dir='ltr'>solae</span> <span class='ocrx_word' id='word_1_212' title='bbox 1542 2702 1699 2742; x_wconf 83' lang='lat' dir='ltr'>missus</span> <span class='ocrx_word' id='word_1_213' title='bbox 1725 2703 1768 2742; x_wconf 92' lang='lat' dir='ltr'><em>B</em></span> 
     </span>
     <span class='ocr_line' id='line_1_33' title="bbox 101 2751 1766 2810; baseline 0.004 -21"><span class='ocrx_word' id='word_1_214' title='bbox 101 2752 179 2790; x_wconf 88' lang='lat'>160</span> <span class='ocrx_word' id='word_1_215' title='bbox 206 2751 343 2803; x_wconf 90' lang='lat' dir='ltr'>avius]</span> <span class='ocrx_word' id='word_1_216' title='bbox 370 2757 442 2790; x_wconf 90' lang='lat' dir='ltr'>aut</span> <span class='ocrx_word' id='word_1_217' title='bbox 463 2758 590 2792; x_wconf 87' lang='lat' dir='ltr'>notus</span> <span class='ocrx_word' id='word_1_218' title='bbox 618 2752 660 2790; x_wconf 87' lang='lat' dir='ltr'><em>P</em></span> <span class='ocrx_word' id='word_1_219' title='bbox 766 2754 894 2793; x_wconf 88' lang='lat' dir='ltr'>boree</span> <span class='ocrx_word' id='word_1_220' title='bbox 923 2755 965 2794; x_wconf 85' lang='lat' dir='ltr'><em>P</em></span> <span class='ocrx_word' id='word_1_221' title='bbox 1151 2758 1224 2795; x_wconf 93' lang='lat'>161</span> <span class='ocrx_word' id='word_1_222' title='bbox 1258 2770 1343 2795; x_wconf 91' lang='lat' dir='ltr'>non</span> <span class='ocrx_word' id='word_1_223' title='bbox 1363 2757 1589 2808; x_wconf 84' lang='lat' dir='ltr'>(suprascr.</span> <span class='ocrx_word' id='word_1_224' title='bbox 1614 2757 1766 2810; x_wconf 87' lang='lat' dir='ltr'>†quid)</span> 
     </span>
     <span class='ocr_line' id='line_1_34' title="bbox 97 2806 1764 2862; baseline 0.004 -18"><span class='ocrx_word' id='word_1_225' title='bbox 97 2835 106 2844; x_wconf 82' lang='lat'><em>.</em></span> <span class='ocrx_word' id='word_1_226' title='bbox 128 2835 138 2844; x_wconf 93' lang='lat'>.</span> <span class='ocrx_word' id='word_1_227' title='bbox 163 2834 172 2844; x_wconf 93' lang='lat'><strong>.</strong></span> <span class='ocrx_word' id='word_1_228' title='bbox 197 2806 232 2844; x_wconf 91' lang='lat' dir='ltr'>si</span> <span class='ocrx_word' id='word_1_229' title='bbox 256 2806 406 2856; x_wconf 75' lang='lat' dir='ltr'>(spatio</span> <span class='ocrx_word' id='word_1_230' title='bbox 427 2807 575 2858; x_wconf 82' lang='lat' dir='ltr'>relicto)</span> <span class='ocrx_word' id='word_1_231' title='bbox 604 2807 647 2845; x_wconf 83' lang='lat' dir='ltr'><em>P</em></span> <span class='ocrx_word' id='word_1_232' title='bbox 772 2811 963 2858; x_wconf 87' lang='lat' dir='ltr'>tyriaeve</span> <span class='ocrx_word' id='word_1_233' title='bbox 994 2809 1074 2849; x_wconf 70' lang='grc' dir='ltr'>ΒΕ</span> <span class='ocrx_word' id='word_1_234' title='bbox 1252 2813 1328 2860; x_wconf 88' lang='lat'>164</span> <span class='ocrx_word' id='word_1_235' title='bbox 1358 2811 1538 2850; x_wconf 89' lang='lat' dir='ltr'>canebat</span> <span class='ocrx_word' id='word_1_236' title='bbox 1557 2810 1599 2862; x_wconf 88' lang='lat' dir='ltr'>(r</span> <span class='ocrx_word' id='word_1_237' title='bbox 1622 2817 1713 2862; x_wconf 86' lang='lat' dir='ltr'>sup.</span> <span class='ocrx_word' id='word_1_238' title='bbox 1737 2825 1764 2850; x_wconf 91' lang='lat' dir='ltr'>n</span> 
     </span>
     <span class='ocr_line' id='line_1_35' title="bbox 96 2859 1767 2919; baseline 0.004 -21"><span class='ocrx_word' id='word_1_239' title='bbox 96 2859 216 2909; x_wconf 74' lang='lat' dir='ltr'>add.)</span> <span class='ocrx_word' id='word_1_240' title='bbox 249 2859 317 2909; x_wconf 79' lang='lat' dir='ltr'>Q:</span> <span class='ocrx_word' id='word_1_241' title='bbox 347 2860 527 2900; x_wconf 87' lang='lat' dir='ltr'>cadebat</span> <span class='ocrx_word' id='word_1_242' title='bbox 558 2862 657 2901; x_wconf 82' lang='lat' dir='ltr'><strong><em>coni.</em></strong></span> <span class='ocrx_word' id='word_1_243' title='bbox 682 2861 863 2902; x_wconf 78' lang='lat' dir='ltr'>Bernart</span> <span class='ocrx_word' id='word_1_244' title='bbox 1057 2866 1131 2916; x_wconf 90' lang='lat'>167</span> <span class='ocrx_word' id='word_1_245' title='bbox 1163 2870 1301 2905; x_wconf 88' lang='lat' dir='ltr'>tecum</span> <span class='ocrx_word' id='word_1_246' title='bbox 1325 2866 1547 2919; x_wconf 84' lang='lat' dir='ltr'>(suprascr.</span> <span class='ocrx_word' id='word_1_247' title='bbox 1570 2868 1704 2918; x_wconf 87' lang='lat' dir='ltr'>tuum)</span> <span class='ocrx_word' id='word_1_248' title='bbox 1727 2865 1767 2916; x_wconf 79' lang='lat' dir='ltr'><strong><em>Q</em></strong></span> 
     </span>
    </p>
   </div>
  </div>
 </body>
</html>
