1884 3204
1078 12 1492 62 THEBAIDOS
1530 14 1744 63 LIBER
1781 14 1806 62 1

150 149 381 199 labuntur
404 148 574 197 dulces
609 146 817 208 animae,
860 149 999 197 Mors
1035 148 1117 196 fila
1152 149 1387 197 Sororum

151 245 270 278 ense
304 227 444 276 metit
478 236 776 290 captamque
811 236 986 276 tenens
1021 229 1113 276 fert
1149 227 1378 276 manibus
1414 228 1603 277 urbem.

81 314 84 322 ’
148 307 400 373 quaerenti
435 323 562 371 quae
597 323 746 356 causa
780 306 914 368 duci,
949 307 1060 370 quis
1095 307 1161 356 ab
1195 309 1394 356 aethere
1430 310 1597 357 laevus

147 389 272 454 ignis
307 398 356 438 et
390 387 442 436 in
476 397 638 436 totum
673 397 899 450 regnaret
934 388 1087 437 Sirius
1122 405 1328 449 annum,
1725 397 1807 451 635

146 470 279 520 idem
313 478 485 518 auctor
520 471 685 517 Paean
721 485 885 517 rursus
920 468 1059 518 iubet
1093 468 1163 518 ire
1199 478 1404 518 cruento

145 549 338 600 inferias
374 558 595 598 monstro
631 547 851 609 iuvenes,
887 548 972 612 qui
1007 550 1162 598 caede
1196 549 1356 612 potiti.

74 628 76 631 ’
143 632 387 680 fortunate
421 628 575 678 animi
610 631 914 692 longumque
950 629 1002 678 in
1037 631 1235 678 saecula
1269 629 1419 693 digne

104 724 107 725 ’
143 710 462 776 promeriture
497 709 660 759 diem!
708 727 810 759 non
847 719 900 759 tu
936 709 1019 774 pia
1053 712 1269 774 degener
1302 728 1439 760 arma

142 790 326 841 occulis
360 799 445 839 aut
480 799 642 839 certae
677 790 892 854 trepidas
928 807 1184 840 occurrere
1221 791 1380 840 morti.
1724 801 1810 855 640

88 867 91 870 ⁴
141 871 419 922 comminus
456 888 541 920 ora
574 873 736 920 ferens
773 871 996 921 Cirrhaei
1031 871 1083 920 in
1118 871 1291 921 limine
1327 872 1501 936 templi

141 953 360 1004 constitit
396 963 445 1003 et
481 971 642 1003 sacras
678 953 746 1003 ita
779 954 987 1004 vocibus
1023 964 1219 1018 asperat
1253 954 1382 1004 iras:

140 1037 289 1086 ‘Non
324 1035 516 1095 missus,
555 1036 884 1098 Thymbraee,
924 1045 1037 1085 tuos
1075 1038 1344 1099 supplexve
1380 1036 1575 1100 penatis

138 1116 384 1167 advenio:
432 1133 543 1165 mea
579 1134 659 1166 me
695 1116 852 1180 pietas
889 1126 939 1166 et
974 1117 1177 1166 conscia
1211 1117 1364 1167 virtus

139 1200 227 1247 has
263 1214 405 1260 egere
441 1197 558 1246 vias.
630 1214 722 1260 ego
758 1214 869 1246 sum
905 1197 992 1261 qui
1027 1200 1181 1248 caede
1217 1198 1402 1262 subegi,
1723 1206 1804 1261 645

139 1279 361 1340 Phoebe,
397 1287 539 1327 tuum
575 1281 783 1327 mortale
818 1280 969 1338 nefas,
1009 1295 1160 1342 quem
1195 1280 1414 1329 nubibus
1450 1280 1566 1330 atris

140 1368 188 1408 et
222 1359 478 1422 squalente
514 1358 609 1418 die,
647 1358 784 1422 nigra
819 1375 968 1421 quem
1007 1359 1121 1407 tabe
1157 1358 1339 1407 sinistri

139 1439 344 1504 quaeris,
381 1439 564 1502 inique,
603 1438 719 1502 poli.
792 1440 931 1502 quod
967 1438 1008 1488 si
1043 1448 1264 1488 monstra
1299 1442 1447 1490 effera
1482 1440 1673 1505 magnis

139 1538 250 1570 cara
283 1522 410 1570 adeo
445 1519 647 1584 superis,
685 1520 972 1583 iacturaque
1006 1519 1149 1569 vilior
1184 1520 1294 1570 orbi

138 1619 269 1651 mors
303 1601 564 1650 hominum
600 1610 649 1650 et
685 1617 833 1650 saevo
869 1610 1006 1650 tanta
1041 1601 1360 1651 inclementia
1394 1604 1534 1652 caelo
1570 1612 1656 1663 est,
1720 1612 1805 1667 650

137 1683 259 1747 quid
293 1699 514 1732 meruere
548 1681 704 1746 Argi?
750 1699 845 1742 me,
884 1699 978 1743 me,
1017 1681 1188 1732 divum
1225 1670 1427 1745 optime,
1466 1686 1629 1733 solum

138 1763 379 1814 obiecisse
413 1772 562 1827 caput
596 1762 707 1811 fatis
742 1763 1038 1826 praestabat.
1109 1779 1173 1812 an
1210 1762 1334 1813 illud

137 1847 287 1894 lene?
333 1844 677 1907 magis‚cordi,
712 1845 850 1908 quod
884 1845 1107 1893 desolata
1142 1845 1408 1894 domorum

135 1935 266 1975 tecta
299 1925 452 1985 vides,
489 1924 689 1988 ignique
724 1924 852 1974 datis
888 1924 1160 1974 cultoribus
1196 1925 1359 1987 omnis

135 2008 268 2070 luget
303 2008 455 2069 ager?
501 2007 590 2055 sed
626 2005 747 2068 quid
781 2007 935 2054 fando
970 2015 1056 2054 tua
1090 2008 1188 2055 tela
1223 2023 1501 2070 manusque
1719 2017 1799 2073 655

135 2088 405 2138 demoror?
451 2095 736 2150 exspectant
772 2095 965 2147 matres,
1004 2103 1333 2151 supremaque
1369 2089 1495 2137 fiunt

136 2178 250 2218 vota
284 2167 418 2217 mihi.
491 2167 606 2216 satis
643 2176 746 2217 est:
795 2167 964 2228 merui,
1003 2185 1067 2217 ne
1101 2185 1302 2232 parcere
1337 2171 1502 2218 velles.

134 2250 343 2312 proinde
378 2266 523 2298 move
559 2250 810 2312 pharetras
846 2266 1090 2312 arcusque
1125 2249 1331 2299 intende
1366 2267 1576 2300 sonoros

133 2329 475 2393 insignemque
510 2329 726 2378 animam
762 2332 863 2378 leto
899 2329 1106 2379 demitte
1121 2348 1135 2391 3
1172 2332 1261 2380 sed
1295 2330 1449 2392 illum,

186 2461 267 2507 634
297 2458 398 2508 quid
422 2457 654 2498 Gronovius
848 2460 931 2509 649
960 2472 1061 2498 cura
1084 2459 1163 2510 (-a-
1182 2467 1275 2511 sup.
1298 2473 1324 2499 u
1345 2460 1400 2499 al.
1423 2461 1499 2512 m.)
1531 2459 1570 2510 Q
1705 2459 1796 2499 orbi

131 2511 259 2551 PBK
274 2526 283 2552 :
312 2512 426 2552 orbis
444 2511 530 2562 DQ
557 2512 650 2564 (sed
670 2513 802 2553 littera
830 2527 870 2552 -s
899 2515 943 2552 in
968 2514 1007 2563 Q
1029 2514 1173 2554 addita
1202 2515 1255 2553 al.
1286 2529 1342 2554 m.
1367 2515 1412 2554 in
1434 2515 1478 2553 D
1501 2521 1630 2566 paene
1656 2517 1795 2563 erasa)

130 2568 213 2616 650
242 2567 360 2606 caelo
380 2572 446 2606 est
474 2567 583 2617 PQ:
611 2567 732 2607 caelo
750 2575 795 2611 ÷
825 2568 899 2608 D:
938 2569 1058 2608 caelo
1086 2576 1111 2608 e
1138 2568 1199 2608 K:
1228 2569 1348 2608 caelo
1375 2569 1418 2607 Β
1717 2570 1792 2618 651

131 2633 200 2660 me
235 2633 303 2659 me
340 2621 501 2671 optime
539 2621 680 2660 divum
722 2621 760 2672 Q
923 2624 1005 2673 652
1045 2624 1279 2674 praestabit
1319 2622 1417 2662 552
1553 2624 1635 2674 653
1675 2623 1794 2662 inter-

125 2675 392 2726 punctionem
428 2676 594 2715 mutavi
628 2689 756 2715 saeve
789 2682 868 2727 pro
901 2676 999 2716 lene
1037 2679 1134 2718 coni.
1169 2677 1366 2728 Bentley:
1412 2677 1532 2717 laeve
1565 2676 1797 2716 Gronovius

131 2728 324 2780 Sangall.
347 2730 428 2779 865
538 2732 618 2780 655
639 2730 756 2781 luget
774 2731 817 2768 A
840 2731 1045 2770 Heinsius
1065 2746 1075 2771 ε
1104 2732 1219 2771 lucet
1238 2736 1319 2772 cett.
1425 2745 1529 2782 ager
1545 2731 1659 2772 codd.
1679 2745 1689 2770 τ
1719 2745 1795 2771 aer

132 2782 276 2822 Menke
291 2797 385 2823 cum
403 2784 666 2824 deterioribus
684 2783 896 2824 Lactantii
910 2785 1107 2826 codicibus
1344 2788 1427 2838 659
1452 2799 1510 2827 an
1528 2786 1794 2837 insignique?

132 2838 305 2878 demitte
336 2838 402 2889 Q:
432 2838 598 2879 dimitte
626 2839 831 2879 PBDKS
