1884 3204
81 45 133 91 P.
174 44 416 92 PAPINI
441 44 658 93 :STATI
680 47 684 52 “

79 180 185 245 ipsa
220 190 410 245 patrem
446 191 500 230 ut
536 183 685 231 talem
721 196 856 230 nunc
892 190 941 230 te
976 183 1236 245 complexa
1270 190 1504 231 tenerem.

80 265 169 312 sed
203 263 334 312 bene
368 263 537 324 habet,
571 262 766 327 superi3
812 271 1003 327 gratum
1040 272 1128 323 est,
1168 265 1387 313 Fortuna
1403 281 1418 324 3
1462 274 1660 328 peracta
1730 254 1735 258 v

80 360 192 407 spes
229 339 501 407 longinqua
535 344 673 393 viae:
731 353 863 393 totos
899 343 1179 393 invenimus
1214 353 1360 393 artus.

80 424 126 473 ei
161 424 297 485 mihi,
336 427 425 474 sed
460 435 648 489 quanto
684 424 944 475 descendit
979 427 1157 474 vulnus
1192 424 1360 474 hiatu!
1666 438 1748 488 340

82 508 178 555 hoc
214 508 397 555 frater?
443 524 551 570 qua·
577 516 728 570 parte,
767 523 955 570 precor,
993 506 1122 555 iacet
1158 505 1240 555 ille
1275 508 1520 556 nefandus

82 589 379 651 praedator?
425 582 621 636 vincam
657 589 869 636 volucris
906 586 989 652 (sit
1023 586 1160 636 adire
1195 587 1440 651 potestas)

82 670 444 732 excludamque
479 670 637 729 feras3
693 685 758 716 an
794 668 946 717 habet
980 669 1204 717 funestus
1241 677 1290 717 et
1326 668 1489 732 ignis?

82 751 172 798 sed
207 751 312 799 nec'
337 759 399 798 te-
422 748 634 798 flammis
670 748 873 812 inopem
910 757 995 797 tua
1030 757 1157 797 terra
1190 748 1410 798 videbit:

80 830 277 879 ardebis
312 829 638 892 lacrimasque
673 831 817 889 feres,
851 845 974 892 quas
1010 830 1134 878 ferre
1169 838 1404 892 negatum
1660 833 1747 893 345

81 911 278 975 regibus
297 911 365 959 'in
398 913 707 974 'longumque
743 918 830 958 tuo
866 911 1102 958 famulata
1137 912 1365 973 sepulcro

81 989 279 1038 durabit
314 991 510 1038 deserta
543 989 681 1047 fides,
720 986 959 1050 testisque
994 989 1225 1036 dolorum

82 1079 226 1118 natus
262 1068 366 1129 erit,
403 1083 657 1132 parvoque
693 1076 856 1117 torum
894 1066 1130 1131 Polynice
1166 1069 1379 1117 fovebo.’

151 1153 284 1200 Ecce
318 1150 441 1199 alios
461 1149 688 1214 gemitus
723 1149 973 1212 aliamque
1008 1150 1074 1198 ad
1110 1150 1256 1198 busta
1291 1150 1478 1199 ferebat

82 1232 335 1296 Antigone
371 1232 651 1281 miseranda
686 1233 859 1291 facem,
898 1230 978 1279 vix
1012 1240 1159 1280 nacta
1193 1231 1375 1294 petitos
1672 1248 1753 1293 350

84 1313 348 1364 moenibus
384 1330 607 1377 egressus
624 1331 638 1374 3
695 1312 830 1361 illam
866 1329 983 1361 narn
1019 1322 1243 1376 tempore
1277 1312 1328 1361 in
1356 1312 1504 1362 omni

82 1397 348 1444 attendunt
382 1394 552 1459 vigiles
586 1403 637 1443 et
672 1411 756 1443 rex
792 1393 932 1443 iubet
967 1393 1072 1458 ipse
1108 1393 1278 1454 teneri,
1386 1399 1390 1402 ’

83 1485 468 1539 contractaeque
503 1475 635 1524 vices
672 1484 721 1524 et
757 1474 973 1525 crebrior
1007 1475 1220 1524 excubat
1254 1474 1395 1538 ignis.

85 1574 200 1621 ergo
236 1557 342 1606 deis
378 1556 613 1620 fratrique
649 1573 812 1605 moras
848 1566 1049 1606 excusat
1085 1566 1134 1606 et
1169 1573 1358 1616 amens,

84 1647 139 1687 ut
172 1639 378 1701 paulum
413 1636 634 1686 admisso
670 1636 818 1685 cessit
854 1636 999 1685 statio
1036 1636 1236 1685 horrida
1270 1653 1463 1696 somno,
1674 1655 1753 1696 355

86 1719 299 1783 erumpit
336 1718 517 1768 muris:
576 1718 775 1768 fremitu
811 1735 914 1781 quo
949 1718 1137 1767 territat
1171 1735 1313 1782 agros

85 1800 284 1864 virginis
319 1799 390 1848 ira
424 1802 545 1859 leae,
584 1799 744 1848 rabies
781 1799 862 1848 cui
897 1799 1053 1848 libera
1087 1801 1292 1849 tandem

86 1892 135 1932 et
170 1881 358 1946 primus
394 1880 502 1929 sine
538 1889 694 1929 matre
727 1881 874 1929 furor.
947 1897 1042 1929 nec
1076 1883 1226 1944 longa
1260 1889 1465 1940 morata,

87 1963 273 2027 quippe
309 1972 500 2011 trucem
536 1979 771 2026 campum
807 1971 869 2022 et,
908 1961 1100 2025 positus
1136 1978 1238 2025 quo
1272 1963 1473 2025 pulvere
1508 1962 1667 2022 frater,

86 2053 303 2094 noverat.
376 2053 527 2107 atque
562 2042 698 2091 illam
734 2052 908 2092 contra
942 2043 1078 2092 videt
1113 2042 1183 2092 ire
1221 2044 1502 2103 Menoetes,
1676 2050 1756 2101 360

87 2126 166 2176 eui
202 2134 358 2184 vacat,
397 2133 623 2174 et'carae
658 2123 870 2187 gemitus
907 2123 1182 2188 compescit
1216 2126 1460 2172 alumnae.

87 2225 203 2257 cum
239 2213 407 2255 tamen
425 2214 629 2254 ‘erectas
665 2214 911 2254 extremus
941 2204 1145 2269 'virginis
1179 2203 1309 2253 auris

86 2286 294 2337 accessit
329 2298 495 2346 sonus,
534 2295 689 2350 utque
723 2295 828 2335 atra
863 2286 956 2334 sub
992 2294 1128 2334 veste
1163 2284 1421 2348 comisque

88 2371 399 2432 squalentem
435 2377 484 2417 et
518 2384 684 2418 crasso
718 2369 970 2417 foedatam
1006 2367 1245 2431 sanguine
1279 2368 1443 2415 vultus

145 2492 227 2541 338
256 2489 530 2543 peracta-P:
562 2495 735 2540 peracta
765 2495 831 2529 est
864 2487 934 2527 ωδ
967 2488 1010 2541 (ἓ
1040 2495 1134 2539 sup.
1169 2487 1243 2528 lin.
1278 2487 1347 2538 N)
1486 2499 1560 2538 341
1593 2485 1691 2526 iacit
1720 2485 1762 2524 P
1837 2494 1840 2499 ⁴

90 2558 170 2595 343
205 2546 493 2594 excedamque
530 2544 737 2583 Heinsius
877 2555 958 2593 345
987 2543 1153 2582 ardebit
1188 2541 1231 2581 P
1320 2542 1441 2582 verba
1478 2541 1758 2590 lacrimasque

91 2630 101 2639 .
135 2629 144 2639 .
178 2629 189 2639 .
222 2599 414 2649 Regibus
451 2612 535 2651 om.
565 2598 638 2637 P:
686 2598 867 2637 damnat
898 2597 1083 2636 Vollmer
1311 2599 1394 2646 346
1422 2597 1466 2635 in
1505 2597 1759 2645 longumque

94 2650 219 2693 Owen
237 2666 246 2693 z
263 2654 533 2703 longumque
551 2652 617 2691 P:
647 2658 948 2702 aeternumque
967 2651 1036 2691 ωδ
1128 2664 1207 2702 347
1237 2652 1453 2702 pestisque
1472 2649 1514 2688 P
1568 2649 1759 2688 laborum

89 2708 131 2746 A
279 2719 362 2757 350
383 2714 537 2746 nancta
555 2706 621 2745 P:
651 2714 776 2746 nacta
799 2705 874 2745 ωδ
1041 2717 1118 2755 351
1150 2706 1215 2758 in]
1237 2706 1290 2745 ab
1310 2705 1349 2755 Q
1512 2716 1592 2766 35?
1622 2702 1765 2742 teneri
1828 2712 1830 2717 ’

90 2761 205 2802 codd.
229 2761 322 2801 dett.
346 2775 354 2800 :
385 2761 523 2800 timeri
542 2760 614 2799 Ρω
724 2772 805 2811 355
825 2760 1014 2800 admisso
1032 2760 1271 2799 Baehrens:
1300 2759 1457 2798 amisso
1474 2757 1540 2797 P:
1569 2757 1760 2796 lmmisso

90 2815 161 2854 ωδ
271 2817 354 2864 360
381 2816 498 2854 vid-et
510 2821 658 2854 contra
675 2815 738 2855 ire
754 2816 976 2854 Menoetes
995 2817 1150 2864 (contr.
1168 2814 1194 2853 i.
1211 2813 1328 2852 Men.
1348 2813 1403 2853 al.
1427 2813 1505 2861 m.)
1527 2811 1574 2850 N
1680 2813 1763 2862 362
1832 2839 1839 2849 -.

92 2876 334 2911 extremues
373 2875 538 2908 erectas
569 2869 722 2919 BQNz
764 2875 930 2908 erectas
964 2869 1067 2917 (†ad
1098 2875 1192 2919 sup.
1230 2881 1279 2907 er
1312 2868 1412 2918 scr.)
1447 2867 1492 2905 D
1682 2866 1762 2915 364

93 2924 304 2964 foedatam
324 2922 535 2974 BKDQS
554 2937 563 2962 ε
592 2923 834 2963 foedantem
853 2923 938 2962 NA
959 2936 969 2962 ι
997 2922 1193 2962 foedatos
1222 2921 1265 2960 P
