1884 3204
156 77 210 125 P.
249 75 492 125 ΡΑΡῙΝῙ
529 77 735 126 STATI

155 212 268 277 igne
305 222 405 274 tuo,
444 215 700 275 Thebane,
741 213 936 280 (rogum
973 215 1320 283 concedimus)
1354 218 1472 268 arde
1492 216 1530 267 l'

154 294 286 356 inde,
325 297 459 344 velut
494 295 654 359 primo
690 296 824 360 tigris
859 298 1027 361 gavisa
1062 316 1233 349 cruore

153 392 242 439 per
276 384 437 425 totum
474 376 610 439 cupit
645 376 714 427 ire
749 394 914 441 pecus,
956 379 1025 429 sic
1061 383 1208 429 Aona
1243 396 1372 439 saxo,
1740 397 1794 443 47

153 473 272 505 ense
309 458 536 516 Pholum,
578 457 819 507 Chromin
855 477 986 519 ense,
1026 462 1153 509 duos
1191 460 1495 509 Helicaonas
1530 461 1689 508 hasta'

152 536 386 601 transigit,
426 540 654 601 Aegaeae
689 539 897 588 Veneris
933 557 1060 603 quos
1098 543 1271 589 Maera
1306 542 1536 590 sacerdos
1612 576 1619 581 -

152 617 375 667 ediderat
409 618 707 682 prohibente
743 621 838 669 dea
855 639 870 681 3
915 638 1004 671 vos
1040 623 1224 685 praeda
1260 621 1451 671 cruenti

153 700 354 762 Tydeos
371 718 385 761 3
426 699 463 748 it
499 716 668 748 saevas
704 695 978 750 etiamnum
1015 712 1172 751 mater
1205 704 1270 751 ad
1306 719 1428 751 aras.

173 784 176 787 ”
221 781 332 829 Nec
368 779 532 828 minus
570 783 878 830 Herculeum
915 791 1088 831 contra
1122 800 1272 847 vagus
1310 785 1580 832 Haemona
1614 782 1753 834 ducit

154 860 385 925 sanguis:
433 860 683 924 inexpleto
719 862 904 925 rapitur
938 879 1026 926 per
1060 863 1196 912 milia
1231 866 1371 923 ferro,
1737 874 1792 926 48

154 958 288 990 nunc
324 940 546 990 tumidae
583 941 855 1004 Calydonis
893 959 1028 1006 opes,
1068 960 1204 992 nunc
1239 953 1379 993 torva
1415 946 1626 1008 Pylenes
1816 935 1819 942 '¹

153 1022 363 1086 agmina,
403 1039 537 1071 nunc
573 1031 790 1072 maestae
825 1025 1041 1073 fundens
1079 1024 1336 1095 Pleuronis
1371 1027 1613 1086 alumnos,

154 1106 317 1152 donec
352 1102 405 1151 in
441 1102 679 1153 Olenium
714 1105 843 1152 fessa
878 1103 976 1153 iam
1013 1104 1220 1169 cuspide
1257 1108 1422 1154 Buten

154 1184 342 1233 incidit.
415 1185 550 1233 hunc
586 1183 759 1233 turmis
796 1185 1060 1234 obversum
1086 1195 1147 1235 et
1181 1186 1318 1236 abire
1353 1196 1604 1236 vetantem
1741 1196 1796 1249 48

154 1265 439 1330 adgreditur
455 1283 469 1327 3
515 1282 638 1328 puer
672 1265 768 1326 ille,
806 1283 929 1330 puer
965 1269 1220 1330 malasque
1256 1284 1554 1332 comamque

155 1347 356 1411 integer,
384 1346 554 1410 ignaro
591 1346 673 1396 cui
709 1356 828 1396 tunc
864 1349 1110 1398 Thebana
1145 1348 1376 1413 bipennis

154 1430 205 1478 in
241 1431 432 1493 galeam
467 1427 643 1476 librata
676 1427 833 1477 venit:
884 1430 1160 1478 funduntur
1194 1439 1406 1493 utroque

155 1520 380 1573 tempora
415 1508 712 1572 dividuique
748 1511 935 1558 cadunt
970 1509 1022 1558 in
1058 1501 1290 1560 bracchia
1325 1510 1497 1570 crineS,

156 1600 204 1640 et
239 1607 343 1639 non
378 1592 476 1640 hoc
511 1599 740 1639 metuens
777 1590 983 1654 inopino
1019 1591 1190 1641 limine
1225 1591 1326 1641 vita
1745 1613 1834 1655 490·

155 1671 361 1721 exsiluit.
434 1680 554 1720 tunc
589 1673 772 1720 flavum
811 1671 1050 1736 Hypanin
1086 1674 1371 1736 flavumque
1407 1672 1603 1723 Politen

154 1753 258 1817 (ille
292 1769 444 1816 genas
482 1753 704 1812 Phoebo,
744 1752 931 1802 crinem
967 1752 1049 1802 hic
1084 1755 1321 1816 pascebat
1358 1756 1578 1804 Iaccho:

155 1851 329 1883 saevus
364 1826 572 1896 uterque
609 1831 767 1898 deus),
806 1832 948 1882 victis
986 1835 1314 1897 Hyperenora
1348 1834 1507 1898 iungit

154 1931 550 1977 conversumque
586 1915 701 1977 fuga
738 1916 1048 1976 Damasum3
1096 1916 1184 1964 sed
1220 1917 1358 1979 lapsa
1391 1932 1479 1979 per
1515 1933 1676 1967 armos

154 2000 296 2046 hasta
330 1995 419 2045 viri
454 2005 588 2044 trans
623 2004 798 2059 pectus
833 1994 950 2045 abit⁴
971 2012 1294 2060 parmamque
1329 1997 1519 2047 tenenti
1745 2018 1829 2061 495

154 2078 339 2128 excutit
374 2086 423 2127 et
459 2094 654 2126 summa
688 2076 881 2140 fugiens
917 2076 969 2125 in
1004 2076 1211 2141 cuspide
1245 2087 1420 2141 portat.
1502 2124 1504 2126 ,

223 2163 471 2210 Sterneret
506 2160 740 2208 adversos
777 2158 1050 2208 etiamnum
1089 2159 1336 2209 Ismenius
1373 2162 1611 2210 Haemon

156 2241 423 2291 Inachidas
461 2238 599 2304 (nam
636 2242 734 2289 tela
769 2239 891 2303 regit
925 2239 1140 2303 virisque
1178 2240 1421 2290 ministrat

153 2320 661 2387 Amphitryoniades),
701 2338 903 2371 saevum
940 2323 1029 2371 sed
1064 2323 1238 2385 Tydea
1273 2332 1446 2373 contra

156 2407 316 2454 Pallas
351 2403 464 2468 agit.
537 2402 737 2466 iamque
772 2404 980 2452 adverso
1015 2419 1194 2453 venere
1229 2405 1396 2454 favore
1515 2446 1517 2449 f
1746 2406 1844 2465 500*

155 2485 451 2545 comminus,
490 2493 540 2533 et
574 2483 774 2547 placido
809 2483 943 2547 prior
976 2485 1101 2533 haec
1137 2484 1426 2547 Tirynthius
1462 2502 1578 2536 ore:

210 2626 290 2666 479
319 2614 560 2653 etiamnunc
591 2611 634 2652 P
811 2613 892 2661 480
920 2613 1047 2652 ducto
1083 2612 1137 2663 9¹
1331 2615 1413 2663 488
1441 2614 1673 2654 funduntur
1702 2614 1828 2667 P912

155 2671 375 2709 finduntur
408 2667 611 2718 B2Q²SN
625 2681 636 2706 :
673 2667 926 2707 scinduntur
961 2666 1037 2707 D:
1068 2667 1316 2707 <striduntur
1348 2667 1404 2707 B¹
1544 2674 1722 2719 utroque
1754 2670 1826 2710 P:

155 2725 324 2774 utrique
358 2722 429 2772 Q:
472 2722 585 2772 utri'q
616 2721 683 2761 Bt
725 2722 938 2772 utrimque
978 2721 1093 2762 DN:
1136 2729 1346 2773 utronque
1388 2722 1419 2777 (i
1447 2727 1540 2774 sup.
1579 2737 1605 2763 o
1635 2723 1755 2771 add.)
1789 2724 1831 2766 S

155 2793 237 2829 490
265 2778 409 2817 limine
427 2776 494 2817 P:
531 2777 665 2815 limite
685 2775 754 2815 ωδ
953 2789 1033 2826 492
1063 2777 1250 2827 pascebit
1272 2776 1311 2826 Q
1502 2791 1582 2828 493
1612 2778 1657 2818 in
1676 2777 1720 2817 P
1727 2783 1828 2832 post
1850 2803 1852 2807 ,

154 2835 236 2884 496
265 2832 473 2872 exhibetur
486 2831 606 2884 szgno
626 2831 957 2884 transpositionis
975 2831 1071 2872 add.
1185 2832 1473 2883 hyperentora
1490 2831 1534 2872 P
