1884 3204
175 52 227 99 P.
267 51 510 124 ΡᾼΡῙΝῙ
547 52 752 102 STATr

172 272 395 321 membra
431 274 587 333 dolor,
625 272 798 336 rapido
834 275 964 323 celer
997 273 1079 323 ille
1113 274 1366 324 volumine
1395 276 1550 324 telum
1647 306 1652 310 -
1756 293 1838 340 575·
1870 275 1871 278 ’

171 351 343 401 circuit
377 355 705 417 avulsumque
739 355 900 403 ferens
937 354 988 403 in
1024 371 1182 418 opaca
1216 355 1392 419 refugit

170 436 355 498 templa
391 433 473 483 dei
490 452 504 495 3
550 433 631 483 hic
667 451 849 499 magno
886 436 1111 484 tellurem
1147 437 1374 498 pondere
1410 452 1612 486 mensus

168 514 516 579 implorantem
550 514 768 564 animam
804 516 1020 565 dominis
1055 516 1277 565 assibilat
1312 517 1420 566 aris.

168 595 307 645 illum
344 606 393 646 et
428 605 668 660 cognatae
704 606 876 662 stagna
911 597 1222 661 indignantia
1258 599 1464 658 Lernae,

167 677 371 726 floribus
407 687 456 727 et
491 677 653 727 vernis
688 687 914 728 assuetae
950 695 1176 742 spargere
1213 680 1496 743 Nymphae,
1753 689 1840 742 580

168 767 217 807 et
253 760 471 807 Nemees
509 767 729 822 reptatus
764 775 891 822 ager,
930 761 1171 822 lucosque
1206 776 1294 824 per
1329 760 1492 810 omnis

166 838 415 888 silvicolae
450 841 602 888 fracta
636 838 890 902 gemuistis
926 839 1216 899 harundine,
1257 840 1428 889 Fauni.
1681 859 1709 879 ο

165 919 271 983 ipse
308 919 457 968 etiam
494 936 521 968 e
557 936 752 968 summa
785 919 885 968 iam
920 921 1018 968 tela
1052 930 1347 984 poposcerat
1381 923 1551 971 aethra

167 999 391 1064 Iuppiter
426 1009 475 1049 et
511 1001 705 1049 dudum
741 999 1000 1064 nimbique
1035 999 1326 1065 hiemesque
1362 1001 1578 1063 coibant,

165 1080 217 1130 ni
252 1081 415 1130 minor
448 1080 519 1130 ira
553 1083 651 1130 deo
685 1080 1006 1145 gravioraque
1041 1083 1139 1131 tela
1175 1082 1350 1131 mereri
1755 1092 1837 1147 585

165 1167 383 1211 'servatus
420 1163 685 1226 Capaneus
702 1181 716 1224 3
764 1161 887 1212 moti
923 1171 1092 1212 tamen
1127 1179 1248 1212 aura
1282 1163 1498 1213 cucurrit

163 1243 383 1292 fulminis
420 1253 469 1293 et
504 1260 723 1294 summas
759 1243 930 1293 libavit
964 1243 1147 1293 vertice
1182 1243 1369 1293 cristas.

234 1326 444 1389 Iamque
479 1325 736 1390 pererratis
772 1324 943 1374 infelix
979 1325 1190 1375 Lemnia
1224 1325 1429 1389 campis,

163 1404 287 1455 liber
321 1415 376 1455 ut
410 1423 572 1470 angue
607 1408 763 1468 locus,
800 1406 1001 1456 modico
1037 1423 1185 1470 super
1218 1423 1393 1470 aggere
1427 1407 1575 1471 longe

163 1486 347 1550 pallida
381 1487 662 1552 sanguineis
697 1487 904 1536 infectas
939 1487 1131 1537 roribus
1167 1489 1344 1537 herbas
1750 1508 1837 1552 590

163 1568 412 1633 prospicit.
485 1571 584 1618 huc
619 1585 801 1633 magno
838 1585 1035 1618 cursum
1072 1567 1197 1632 rapit
1233 1570 1380 1617 effera
1414 1570 1551 1617 luctu

162 1649 485 1713 agnoscitque
521 1651 675 1711 nefas,
711 1659 968 1713 terraeque
1003 1649 1148 1698 inlisa
1182 1649 1385 1699 nocenti

162 1730 381 1779 fulminis
417 1730 468 1779 in
504 1747 695 1780 morem
731 1748 834 1780 non
869 1731 1021 1780 verba
1054 1730 1106 1779 in
1141 1732 1314 1780 funere
1349 1730 1525 1795 primo,

162 1829 264 1861 non
300 1811 526 1861 lacrimas
561 1812 745 1861 habet:
793 1811 1067 1875 ingeminat
1103 1811 1283 1860 misera
1317 1814 1489 1861 oscula
1524 1820 1717 1861 tantum

161 1893 457 1943 incumbens
481 1893 777 1956 animaeque
813 1894 979 1957 fugam
1016 1909 1103 1956 per
1139 1892 1365 1941 membra
1399 1902 1653 1956 tepentem
1752 1914 1831 1956 595

162 1974 352 2038 quaerit
387 1974 543 2023 hians.
615 1991 718 2023 non
755 1991 840 2023 ora
869 1976 996 2034 loco,
1034 1990 1138 2022 non
1174 1982 1376 2037 pectora
1410 1982 1608 2034 restant,

161 2066 300 2121 rapta
334 2056 475 2116 cutis,
514 2054 683 2105 tenuia
718 2071 830 2104 ossa
865 2063 1038 2118 patent
1073 2071 1331 2118 nexusque
1367 2056 1627 2105 madentes

161 2137 412 2202 sanguinis
448 2136 606 2186 imbre
642 2136 771 2197 novi,
811 2144 1072 2198 totumque
1108 2135 1159 2183 in
1194 2137 1396 2185 vulnere
1432 2151 1625 2199 corpus.

160 2237 218 2270 ac
253 2221 387 2269 velut
421 2218 631 2282 aligerae
667 2219 838 2267 sedem
875 2218 1105 2280 fetusque
1141 2215 1357 2280 parentis

161 2317 276 2350 cum
311 2299 447 2363 piger
482 2300 717 2348 umbrosa
752 2299 1018 2362 populatus
1054 2297 1106 2345 in
1142 2296 1254 2346 ilice
1290 2313 1506 2361 serpens,
1749 2306 1831 2347 600
1875 2287 1884 2359 ⁸3

161 2382 243 2431 illa
278 2382 405 2432 redit
441 2382 775 2445 querulaeque
812 2381 992 2429 domus
1029 2378 1203 2427 mirata
1239 2378 1459 2442 quietem

173 189 335 254 figitur
370 192 511 240 hasta
546 193 668 240 solo,
739 193 916 256 longus
951 191 1032 241 vix
1067 200 1172 242 tota
1206 193 1394 258 peregit
1869 188 1884 594 ¹

1872 595 1884 754 i

1880 2034 1884 2066 Α..
1875 1972 1884 2026 ,πμ
1875 1788 1884 1963 ...ι-ψ...
1871 1365 1884 1777 m-—nnsss—-n-Qn-m.
1877 1313 1884 1352 .—-
1877 1202 1884 1304 ..μ-..μν-
1879 1161 1884 1187 ..-
1881 1145 1884 1150 .

216 2525 296 2562 574
324 2512 446 2551 hasta
465 2511 507 2549 P
524 2525 533 2549 ε
563 2510 648 2550 alta
668 2509 737 2549 ωδ
754 2524 763 2549 :
793 2514 886 2548 acta
906 2507 1113 2547 Heinsius
1249 2515 1350 2548 vota
1370 2508 1429 2549 ed.
1455 2507 1530 2548 Til.
1664 2509 1831 2559 peredit
1877 2501 1884 2549 ζ.

160 2567 409 2606 Lachmann
429 2580 438 2605 ε
459 2566 652 2616 peraegit
667 2565 719 2615 B,
738 2564 820 2603 cod.
841 2563 1063 2614 Roffenst's,
1087 2564 1137 2613 cs.
1154 2563 1208 2603 vi.
1232 2575 1334 2613 109:
1351 2576 1409 2602 an
1423 2564 1652 2613 peragrat?
1748 2576 1828 2613 577
1879 2611 1884 2617 ¹

160 2621 346 2672 templa:
376 2620 530 2659 dehinc
551 2619 737 2668 Mueller,
746 2618 851 2668 fort.
876 2622 971 2656 recte
1081 2619 1161 2666 582
1189 2617 1364 2657 siluistis
1384 2617 1426 2655 A
1527 2618 1619 2669 583ἱ
1637 2630 1662 2655 e
1681 2630 1764 2658 om.
1787 2617 1830 2656 Β

160 2677 241 2714 iam
261 2675 435 2714 nuntela
456 2678 526 2724 (ex
543 2674 714 2713 numela
733 2674 858 2723 corr.)
883 2672 922 2722 Q
940 2686 949 2710 :
980 2677 1063 2710 tam
1085 2673 1169 2711 tela
1188 2672 1230 2710 Β
1366 2673 1448 2722 584
1477 2670 1640 2711 hiemes
1661 2672 1828 2710 coibant
1874 2688 1884 2723 j.

159 2730 207 2768 N
344 2730 422 2779 587
454 2729 622 2768 libravit
640 2726 767 2778 NQA
790 2741 799 2766 :
831 2724 1021 2776 ‘tetigit'
1042 2726 1162 2766 schol.
1186 2726 1224 2776 Q
1362 2737 1442 2775 593
1470 2725 1645 2765 vulnere
1667 2725 1829 2776 Bentley
1870 2729 1884 2770 ἵ

160 2785 351 2833 600-645
391 2784 564 2834 itemque
600 2783 805 2832 648—693,
848 2782 983 2831 696—7
988 2792 1040 2830 53
1079 2781 1123 2821 in
1153 2780 1198 2819 D
1229 2786 1357 2833 paene
1391 2779 1578 2820 exstincti
1619 2780 1700 2831 legi
1741 2792 1826 2819 non

153 2842 335 2890 possunt
931 2872 934 2873 γ
1881 2845 1884 2849 ·
