1884 3204
100 89 154 137 P.
193 90 437 140 ΡΑΡΙΝΙ
473 90 680 139 STATI

102 244 241 278 nunc
271 230 476 292 planctu
511 227 661 279 livere
696 245 887 289 manuS,
927 229 1083 279 modo
1118 227 1171 277 in
1206 225 1360 278 ubera
1394 241 1563 276 saevas

102 309 172 359 ire
206 311 366 372 feras3
402 326 550 374 saepe
585 309 693 374 ipsa
729 309 887 376 (nefas
910 309 944 376 1)
979 310 1072 359 sub
1107 308 1274 358 inania
1307 317 1480 357 natum

101 392 308 440 Tartara
341 400 391 440 et
424 393 491 441 ad
526 391 718 456 Stygios
753 391 931 442 iterum
966 393 1071 441 fero
1106 407 1324 456 mergere
1358 388 1522 439 fontis.

103 473 196 523 hos
232 472 432 523 abolere
467 476 630 523 metus
666 473 845 538 magici
879 473 1019 523 iubet
1055 472 1229 523 ordine
1265 470 1390 522 sacri
1691 487 1767 532 135
1817 517 1822 522 t

106 554 402 619 Carpathius
437 564 574 605 vates
610 572 920 620 puerumque
952 546 1050 605 vsub
1085 571 1175 604 axe
1210 555 1476 618 †peracto†
1815 546 1818 547 ⁷

103 636 304 686 secretis
338 638 543 687 lustrare
577 637 725 698 fretis,
764 636 851 687 ubi
886 631 1029 686 litora
1064 652 1259 686 summa

105 717 297 768 Oceani
332 727 382 768 et
415 717 607 782 genitor
642 727 777 782 tepet
812 717 1150 767 inlabentibus
1185 716 1326 766 astris

104 801 309 849 Pontus.
381 799 453 850 ibi
487 797 668 863 ignotis
702 801 953 848 horrenda
987 797 1183 862 piacula
1216 796 1342 848 divis

104 871 498 944 donaque—sed
532 882 738 944 longum
774 889 954 929 cuncta
989 895 1277 930 enumerare
1310 887 1578 942 vetorque·
1565 916 1580 939 ,
1691 893 1794 936 140,
1825 876 1830 907 ἶ

79 964 246 1012 trade
281 962 469 1026 magis.
460 966 468 999 ἲ
491 964 502 985 ’
538 961 610 1011 sic
645 963 761 1011 ficta
795 977 1006 1025 parens:
1047 977 1213 1024 neque
1247 959 1382 1010 enim
1416 959 1499 1010 ille
1534 957 1766 1019 dedisset,
1806 965 1807 969 ’

106 1043 147 1092 si
182 1043 346 1093 mollis
381 1043 581 1093 habitus
617 1052 666 1092 et
693 1042 920 1110 tegmina
953 1043 1102 1092 foeda
1135 1040 1276 1091 fateri
1816 1036 1818 1041 ’

105 1141 227 1174 ausa
262 1123 381 1174 seni.
454 1133 574 1174 tunc
609 1124 691 1174 ille
727 1125 906 1173 refert:
957 1127 969 1150 ‘
986 1126 1113 1184 Due,
1153 1121 1356 1187 optima,
1394 1137 1595 1185 quaese,

107 1207 208 1257 duc
241 1205 462 1270 genetrix
496 1204 773 1270 humilique
809 1206 932 1255 deos
968 1204 1179 1269 infringe
1214 1212 1431 1268 precam.
1824 1255 1827 1257 ,

106 1304 210 1338 non
245 1296 480 1352 superant
514 1296 600 1337 tua
632 1296 749 1337 vota
784 1288 993 1336 modum
1027 1287 1372 1351 placandaque
1406 1285 1619 1334 multum
1696 1303 1772 1346 145
1822 1340 1828 1353 .

107 1368 294 1419 invidia
329 1378 416 1419 est.
489 1386 593 1418 non
626 1369 763 1418 addo
799 1377 1003 1428 metum,
1042 1368 1131 1417 sed
1166 1384 1281 1417 vera
1314 1367 1536 1416 fatebor:

109 1450 279 1500 nescio
315 1449 437 1514 quid
473 1466 710 1513 magnum
747 1449 863 1514 (nec
899 1466 980 1499 me
1015 1448 1171 1513 patria
1206 1447 1376 1498 omina
1409 1446 1608 1514 fallunt)

108 1532 182 1582 vis
217 1531 397 1581 festina
431 1540 571 1596 parat
605 1531 870 1594 tenuisque
905 1530 1189 1595 supervenit
1223 1546 1398 1579 annos.

110 1613 229 1664 olim
250 1621 315 1663 ‚et
349 1614 473 1662 ferre
509 1611 668 1661 minas
703 1611 948 1675 avideque
982 1611 1154 1661 audire
1189 1611 1381 1661 solebat
1835 1663 1839 1666 ,

109 1693 316 1759 imperia
350 1702 399 1743 et
434 1693 614 1744 nostris
649 1695 823 1757 procul
859 1695 995 1743 haud
1031 1692 1288 1743 discedere
1322 1693 1387 1742 ab
1422 1690 1607 1742 antris:
1695 1710 1776 1753 150

110 1793 246 1825 nunc
280 1775 420 1824 illum
457 1792 561 1824 non
597 1775 727 1825 Ossa
761 1774 906 1838 capit,
945 1791 1048 1824 non
1085 1773 1259 1824 Pelion
1294 1773 1469 1838 ingens

111 1856 462 1909 Thessaliaeve
497 1855 648 1906 nives.
721 1855 815 1919 ipsi
851 1855 975 1905 mihi
1009 1872 1158 1919 saepe
1193 1864 1465 1920 queruntur

113 1937 350 1990 Centauri
385 1946 649 2001 raptasque
685 1938 864 1987 domos
899 1938 1246 2001 abstractaque
1280 1953 1448 1986 coram
1508 1979 1510 1981 .

112 2028 336 2070 armenta
371 2028 420 2069 et
456 2028 613 2069 semet
649 2018 838 2082 campis
873 2018 1135 2082 fluviisque
1170 2017 1355 2082 fugari:

113 2101 419 2166 insidiasque
455 2102 505 2151 et
540 2100 671 2150 bella
706 2109 880 2165 parant
916 2099 1190 2165 timideque
1225 2099 1489 2149 minantur.
1701 2118 1778 2160 155

172 2246 250 2284 132
270 2233 401 2272 libere
415 2232 457 2272 P
557 2244 634 2282 133
652 2231 799 2271 iureE
909 2243 987 2281 134
1007 2231 1060 2270 ad
1073 2243 1159 2271 om.
1171 2230 1214 2270 P
1292 2228 1436 2269 fereE
1535 2240 1611 2279 135
1632 2209 1782 2281 magici*
1820 2198 1851 2263 τ’.
1876 2230 1879 2235 .

113 2288 211 2328 Εω;
243 2288 387 2339 magni
405 2287 449 2326 P
558 2289 636 2337 136
664 2292 836 2337 peracto
852 2285 895 2324 P
913 2285 1047 2336 (quod
1056 2284 1264 2349 quomodo
1282 2283 1535 2325 occidentali
1554 2284 1785 2336 signtfican
1815 2308 1817 2310 ·

108 2343 243 2396 possut
280 2356 351 2395 ego
389 2355 474 2381 non
508 2341 652 2381 vi:deo
700 2354 828 2391 neque
862 2353 955 2380 vero
993 2340 1199 2392 regionem
1246 2344 1429 2379 accurate
1474 2338 1565 2378 vult
1607 2337 1784 2379 Proteus
1828 2339 1830 2342 ’

115 2398 305 2448 indacum,
327 2396 376 2436 td
404 2395 520 2448 quod
539 2409 591 2435 ex
622 2397 699 2445 198
726 2408 812 2445 sqq.
837 2394 1055 2447 apparet):
1092 2395 1270 2445 probato
1297 2394 1395 2433 Em:
1432 2394 1610 2433 reducto
1639 2392 1779 2444 Owen,
1811 2381 1835 2418 ²-
1871 2407 1875 2411 ·

104 2453 209 2503 fort.
232 2457 325 2492 recte
493 2463 572 2501 139
602 2450 659 2489 ibi
678 2449 744 2489 P:
774 2450 843 2489 ubi
864 2450 947 2500 Εω,
965 2450 1221 2501 interpunxit
1242 2448 1427 2488 Vollmer
1590 2459 1664 2498 141
1686 2446 1784 2488 ficta

116 2507 185 2547 P:
214 2508 300 2546 fata
318 2506 390 2546 Εω
531 2517 607 2555 143
638 2505 729 2556 ipse
749 2503 793 2542 P
942 2515 1018 2554 145
1040 2516 1137 2542 nam
1160 2503 1389 2552 Colinaeus,
1415 2460 1638 2542 Gevartius4
1651 2500 1787 2554 (quod
1815 2523 1824 2552 3

115 2562 196 2601 sibi
219 2560 441 2613 adrogavit
456 2560 614 2611 Havet)
731 2560 809 2608 146
829 2557 936 2610 non]
958 2571 1016 2598 an
1040 2560 1183 2599 nunc?
1298 2558 1376 2607 148
1396 2563 1650 2607 tenerosque
1670 2555 1782 2609 vulg.
1821 2561 1826 2574 ”

121 2628 198 2667 149
226 2616 380 2655 efferre
399 2614 442 2653 P
583 2613 791 2663 avideque
810 2613 960 2653 audire
981 2612 1043 2652 P.
1086 2618 1131 2653 et
1149 2611 1267 2652 obire
1287 2612 1430 2651 audita
1454 2610 1526 2650 Εω
1705 2621 1782 2662 152
1801 2611 1827 2657 z]

116 2669 419 2710 Thessaliaeve
453 2668 571 2708 nives
599 2683 658 2708 w:
696 2668 943 2707 Thessaliae
973 2667 1152 2707 iuvenes
1179 2667 1220 2706 E
1252 2665 1388 2718 (quod
1418 2666 1593 2705 mutatis
1616 2665 1812 2729 punctis-‚2

121 2725 239 2777 recipi
269 2724 449 2776 potest):
488 2723 789 2763 Pharsaliaeve
827 2724 950 2762 nives
969 2721 1012 2760 P
1177 2732 1254 2772 155
1293 2721 1524 2771 timideque
1556 2719 1627 2761 Ρ·
1662 2718 1782 2760 tumi·
1799 2717 1815 2771 f

121 2779 248 2830 dique
269 2779 362 2818 Ew:
402 2778 648 2829 tumideque
669 2777 935 2831 Kohlmann,
968 2777 1105 2829 Klotz,
1136 2775 1340 2816 Wilki2ns
1379 2779 1426 2815 at
1444 2778 1537 2816 recte
1555 2774 1814 2827 timideque*

121 2847 218 2886 qum
239 2833 430 2873 insi'dtose
1815 2830 1818 2834 “
