1884 3204
925 103 1411 155 ACHILLEIDOS
1448 103 1662 152 LIBER
1701 103 1724 150 1

139 244 421 310 Digreditur
455 245 664 293 multum
700 251 930 293 cunctata
963 242 1015 291 in
1049 242 1219 292 limine
1255 251 1422 303 mater,

70 328 191 377 dum
227 325 401 390 repetit
436 324 654 374 monitus
688 341 965 387 arcanaque
1001 340 1250 372 murmura
1284 322 1387 386 figit
1648 330 1728 380 380

69 407 268 457 auribus
304 415 352 456 et
387 405 537 455 tacito
572 407 659 455 dat
692 406 842 454 verba
877 403 1145 453 novissima
1179 406 1331 454 vultu.

69 497 188 537 tunc
222 495 426 550 excepta
459 487 583 535 freto
618 487 765 549 longe
799 484 988 534 cervice
1023 486 1202 534 reflexa

68 568 269 617 abnatat
304 576 354 616 et
389 566 584 615 blandis
619 567 813 615 adfatur
852 565 995 615 litora
1029 564 1189 615 votis:

72 649 228 698 ‘Cara
263 647 383 695 mihi
418 649 578 708 tellus,
614 663 821 710 magnae
856 646 936 695 cui
971 645 1177 710 pignora
1211 663 1356 695 curae

69 727 450 792 depositumque
484 726 656 791 ingens
693 726 869 777 timido
904 726 1243 780 commisimus
1278 736 1401 788 astu,
1650 736 1730 787 385

71 809 135 859 sis
169 808 283 858 felix
317 817 594 871 taceasque,
632 824 818 871 precor,
857 824 958 871 quo
994 824 1130 857 more
1165 808 1361 857 tacebat

72 891 219 955 Creta
254 889 461 938 Rheae:
509 898 558 937 te
593 890 769 952 longus
805 890 966 937 honos
1001 897 1299 952 aeternaque
1340 888 1540 952 cingent

71 971 256 1034 templa
288 986 382 1019 nec
416 968 632 1018 instabili
666 971 798 1018 sama
833 969 1125 1033 superabere
1168 971 1328 1031 Delo;

72 1060 120 1101 et
154 1050 312 1100 ventis
348 1060 397 1100 et
432 1067 569 1099 sacra
602 1049 736 1099 fretis
771 1050 996 1114 interque
1030 1052 1238 1100 vadosas

73 1133 328 1195 Cycladas,
367 1134 595 1195 Aegaeae
630 1133 860 1195 frangunt
895 1131 981 1180 ubi
1016 1148 1131 1181 saxa
1164 1134 1422 1196 procellae,
1654 1151 1733 1194 390

73 1211 345 1262 Nereidum
381 1212 642 1276 tranquilla
676 1214 855 1262 domus
890 1212 1194 1276 iurandaque
1234 1213 1396 1262 nautis

71 1293 243 1353 insula,
282 1310 346 1342 ne
382 1295 543 1342 solum
581 1296 779 1342 Danaas
815 1293 1022 1343 admitte
1058 1293 1261 1354 carinas,

73 1391 148 1436 ne,
187 1378 388 1438 precor!
440 1373 588 1423 “Hic
623 1374 769 1423 thiasi
804 1383 996 1423 tantum
1033 1384 1081 1424 et
1116 1374 1239 1423 nihil
1275 1375 1394 1423 utile
1428 1374 1616 1435 bellis,'’

72 1457 169 1506 hoc
202 1457 386 1504 famam
421 1472 612 1504 narrare
647 1457 787 1516 doce,
826 1457 1048 1519 dumque
1081 1472 1218 1504 arma
1252 1465 1484 1519 parantur

74 1536 259 1586 Dorica
292 1545 342 1585 et
374 1537 617 1586 alternum
654 1538 855 1585 Mavors
890 1535 1132 1585 interfurit
1168 1537 1358 1597 orbem,
1659 1555 1735 1598 395

74 1617 221 1683 (cedo
256 1615 511 1680 equidem)
548 1616 610 1666 sit
643 1610 778 1680 virgo
813 1616 882 1681 pii
917 1617 1215 1680 Lycomedis
1250 1617 1501 1668 Achilles!

142 1700 338 1747 Interea
372 1697 572 1747 meritos
606 1697 751 1746 ultrix
787 1700 988 1761 Europa
1022 1700 1218 1748 dolores

74 1778 302 1829 dulcibus
335 1796 584 1828 armorum
619 1778 754 1828 suriis
790 1788 839 1828 et
874 1779 1096 1843 supplice
1130 1797 1300 1843 regum

75 1869 351 1924 conquestu
386 1861 637 1909 flammata
671 1869 872 1922 movet3
919 1860 1103 1924 quippe
1137 1860 1294 1909 ambit
1328 1860 1529 1911 Atrides

74 1941 156 1991 ille
190 1940 358 2005 magis,
397 1940 478 1990 cui
511 1950 667 2004 nupta
701 1941 856 2003 domi,
891 1941 1181 2005 facinusque
1215 1943 1370 1990 relatu
1658 1962 1738 2001 400

74 2031 267 2086 asperat
303 2021 541 2070 Iliacum:
589 2031 785 2085 captam
821 2021 927 2071 sine
964 2024 1139 2082 Marte,
1177 2021 1283 2071 sine
1317 2021 1463 2071 armis

74 2102 360 2168 progeniem
396 2102 520 2151 caeli
555 2104 858 2167 Spartaeque
893 2103 1110 2167 potentis
1145 2105 1411 2164 alumnam,

74 2183 179 2233 iura
214 2184 365 2233 fidem
401 2200 604 2247 superos
639 2201 739 2233 una
773 2186 960 2233 calcata
994 2184 1176 2248 rapina.

2 2304 12 2315 .
76 2267 174 2315 hoc
207 2266 383 2314 foedus
415 2264 693 2328 Phrygium,
733 2267 857 2314 haec
890 2265 1116 2329 geminae
1151 2265 1449 2315 commercia
1483 2268 1675 2315 terrae?

77 2345 199 2410 quid
234 2354 430 2394 maneat
465 2347 691 2409 populos,
731 2346 817 2395 ubi
853 2355 989 2395 tanta
1023 2346 1201 2394 iniuria
1234 2346 1418 2410 primos
1655 2366 1737 2407 405

19 2469 22 2472 ,
78 2428 358 2491 degrassata
391 2427 544 2476 duces
563 2429 835 2476 ?—coeunt
869 2444 990 2491 gens
1027 2427 1188 2476 omnis
1225 2436 1273 2476 et
1307 2436 1470 2478 aetas:

132 2567 216 2606 379
243 2560 394 2595 cuncta
424 2554 482 2593 E1
755 2557 833 2605 381
863 2555 980 2594 vultu
1002 2559 1039 2594 Π
1058 2560 1097 2595 et
1114 2555 1374 2596 Monacensis
1394 2567 1552 2606 14557:
1580 2563 1683 2596 voto
1713 2571 1744 2595 ω

79 2610 160 2660 385
189 2610 498 2649 commissimus
526 2614 564 2648 Π
687 2611 766 2659 387
797 2616 839 2648 te
859 2623 941 2649 om.
964 2609 1021 2648 E*
1143 2622 1225 2660 390
1247 2610 1456 2661 plangunt
1484 2610 1532 2649 N
1539 2610 1744 2650 Heinsius

79 2676 156 2714 391
189 2664 328 2702 noctis
357 2663 400 2702 P
503 2676 584 2713 393
613 2663 821 2714 deprecor
841 2662 941 2714 925
957 2678 967 2703 ε
995 2669 1128 2703 totum
1148 2665 1281 2702 locum
1302 2666 1359 2703 ita
1380 2670 1474 2703 recte
1491 2666 1747 2717 interpunxit

81 2717 259 2758 Schenkl
430 2730 511 2767 394
542 2718 610 2756 hic
642 2718 860 2757 Colinaeus
1035 2730 1116 2767 395
1148 2718 1363 2758 interserit
1392 2719 1431 2769 Q
1628 2762 1630 2764 ,
1661 2721 1746 2769 396

80 2770 273 2812 Achilles
300 2771 388 2810 ΕΚ
401 2786 411 2811 :
439 2771 607 2811 achillis
632 2771 713 2822 ΡΩ
834 2783 913 2822 397
944 2772 1098 2811 victrix
1117 2772 1159 2810 P
1175 2787 1184 2811 ε
1214 2786 1355 2811 versus
1372 2773 1416 2811 in
1436 2772 1478 2811 E
1494 2772 1557 2811 bis
1574 2773 1747 2824 scriptus

81 2830 148 2866 est.
203 2825 410 2864 Initialem
438 2826 616 2865 litteram
644 2826 756 2864 verbi
771 2825 938 2865 Interea
960 2826 1161 2879 (secundi)
1187 2827 1455 2878 amplificavit
1480 2827 1532 2870 E.
1618 2827 1748 2869 Codd.

80 2879 172 2919 dett.
206 2880 302 2918 hinc
330 2880 496 2920 tertium
526 2880 615 2920 libr.
652 2881 820 2931 incipere
850 2880 1007 2921 volunt.
1186 2894 1267 2930 400
1295 2883 1421 2920 domo
1450 2880 1494 2920 P
1667 2893 1744 2931 401

82 2939 223 2989 aptam
252 2933 295 2974 E
476 2948 556 2984 404
587 2935 803 2986 Phrygiae
830 2934 873 2974 E
1031 2947 1112 2986 405
1140 2933 1358 2976 iniurimos
1389 2934 1446 2976 El
