1884 3204
1038 53 1449 102 THEBAIDOS
1488 55 1701 101 LIBER
1739 56 1761 101 1

116 191 315 257 inrepsit
349 190 476 240 curis
511 205 794 254 pronusque
829 205 889 238 ex
922 190 1120 237 aethere
1155 197 1308 247 nutat,
1685 207 1766 248 340

62 329 67 341 .
114 282 246 338 grata
278 272 525 320 laboratae
558 271 769 318 referens
805 267 986 317 oblivia
1020 267 1160 316 vitae.

114 354 201 404 sed
234 369 327 401 nec
359 350 572 414 puniceo
606 348 875 398 rediturum
911 347 1080 397 nubila
1114 349 1253 396 caelo

114 431 376 498 promisere
409 430 561 491 iubar,
600 446 691 478 nec
727 428 1082 478 rarescentibus
1111 427 1297 477 umbris

114 515 258 577 longa
291 526 574 574 repercusso
609 510 798 558 nituere
833 510 1121 571 crepuscula
1156 508 1395 557 Phoebo:

57 643 62 647 ,
113 592 309 644 densior
342 608 372 640 a
405 590 542 640 terris
577 600 627 639 et
660 589 782 638 nulli
817 589 982 653 pervia
1017 591 1246 638 flammae
1321 591 1325 594 ’
1683 610 1763 650 345

44 723 52 726 ,
113 668 323 719 subtexit
356 685 455 716 nox
488 677 591 716 atra
625 669 781 731 polos.
853 666 951 716 iam
987 668 1197 715 claustra
1231 665 1430 729 rigentis

90 739 315 798 ‘Aeoliae
348 764 579 811 percussa
614 756 804 807 sonant,
842 755 1146 810 venturaque
1181 763 1331 796 rauco

75 883 79 886 ,
113 846 196 880 ore
230 829 442 878 minatur
476 828 648 888 hiems,
687 827 822 878 venti
858 838 1131 877 transversa
1166 829 1429 877 frementes

112 909 381 974 confligunt
415 926 657 974 axemque
691 918 859 959 emoto
893 909 1093 959 cardine
1128 910 1333 968 vellunt,

111 992 232 1041 dum
267 992 459 1039 caelum
494 990 588 1039 sibi
622 990 832 1054 quisque
867 990 1026 1054 rapit3
1061 991 1150 1039 sed
1183 988 1422 1052 plurimus
1447 990 1627 1038 Auster
1687 1009 1766 1050 350

43 1090 56 1096 ‘⁴
111 1071 399 1134 inglomerat
434 1080 647 1131 noctem,
686 1071 948 1120 tenebrosa
981 1069 1234 1119 volumina
1267 1079 1516 1133 torquens,

111 1150 434 1213 defunditque
467 1150 651 1211 imbris,
688 1149 821 1200 sicco
855 1167 981 1214 quos
1014 1167 1156 1214 asper
1190 1150 1326 1199 hiatu

111 1230 406 1296 praesolidat
442 1233 654 1292 Boreas3
689 1247 782 1280 nec
817 1247 920 1280 non
954 1231 1165 1294 abrupta
1198 1239 1498 1279 tremescunt

110 1313 299 1375 fulgura
332 1320 382 1360 et
415 1310 606 1359 attritus
641 1310 804 1359 subita
837 1312 944 1360 face
978 1310 1219 1374 rumpitur
1252 1311 1433 1359 aether.

111 1391 208 1440 iam
243 1393 448 1451 Nemea,
486 1390 584 1439 iam
619 1389 872 1439 Taenariis
907 1389 1214 1439 contermina
1247 1389 1371 1438 lucis
1689 1409 1785 1450 355·

111 1471 351 1520 Arcadiae
384 1470 545 1534 capita
579 1473 677 1519 alta
710 1472 944 1531 madent3
977 1470 1072 1519 ruit
1105 1470 1302 1534 agmine
1337 1487 1517 1534 magno

111 1551 326 1599 Inachus
359 1560 408 1600 et
440 1551 603 1614 gelida
636 1567 837 1614 surgens
873 1550 1106 1600 Erasinus
1141 1550 1192 1599 in
1227 1552 1375 1611 unda,

111 1632 447 1694 pulverulenta
480 1630 614 1695 prius
649 1633 934 1694 calcataque
969 1630 1174 1679 flumina
1208 1633 1372 1680 nullae

109 1709 364 1775 aggeribus
399 1720 599 1760 tenuere
635 1728 813 1771 morae,
852 1720 1125 1775 stagnoque
1159 1712 1320 1760 refusa
1355 1720 1429 1761 est

108 1790 329 1840 funditus
364 1800 413 1840 et
445 1791 597 1840 veteri
630 1791 875 1855 spumavit
909 1794 1071 1840 Lerna
1104 1809 1314 1841 veneno.
1686 1800 1766 1853 360

110 1871 342 1935 frangitur
376 1888 525 1921 omne
559 1889 747 1932 nemus,
785 1871 980 1935 rapiunt
1013 1872 1216 1935 antiqua
1250 1874 1495 1936 procellae

110 1951 339 2000 bracchia
372 1951 618 2013 silvarum,
641 1952 887 2015 nullisque
920 1962 1120 2016 aspecta
1154 1970 1240 2016 per
1274 1970 1451 2003 aevum

111 2030 296 2079 solibus
332 2030 551 2079 umbrosi
583 2040 784 2094 patuere
817 2031 1001 2080 aestiva
1035 2031 1229 2094 Lycaei.

110 2110 191 2160 ille
226 2119 406 2171 tamen,
445 2113 597 2160 modo
632 2128 747 2160 saxa
780 2111 904 2175 iugis
938 2111 1174 2174 fugientia
1208 2112 1362 2175 ruptis

111 2189 326 2251 miratus,
362 2193 515 2241 modo
547 2191 819 2255 nubigenas
853 2209 882 2241 e
916 2192 1168 2241 montibus
1201 2193 1361 2241 amnis
1683 2202 1763 2254 365

167 2330 248 2367 340
275 2318 451 2368 inrepsit
478 2318 521 2357 P
547 2318 735 2370 Sangall.
773 2321 881 2369 865:
923 2321 1103 2370 inserpit
1129 2321 1257 2371 BDQ
1432 2336 1486 2361 ex
1517 2323 1693 2362 aethere
1727 2324 1769 2362 P

113 2370 301 2422 Sangall.
339 2373 446 2420 865:
486 2385 566 2423 per
594 2374 771 2412 aethera
802 2389 834 2412 ω
1009 2377 1091 2424 346
1117 2375 1304 2425 regentis
1331 2375 1374 2415 P
1533 2389 1612 2426 347
1643 2390 1765 2427 prae-

113 2425 228 2464 clusa
254 2425 482 2464 Burmann
645 2439 720 2476 351
754 2433 927 2467 noctem
947 2430 1171 2468 tenebrosa
1189 2429 1404 2468 volumina
1424 2437 1627 2482 torquens
1655 2431 1740 2470 PD
1759 2447 1767 2471 :

56 2493 59 2494 ⁷
112 2484 278 2518 noctem
312 2485 354 2518 et
386 2481 615 2520 tenebrosa
647 2482 857 2521 volumina
889 2488 1058 2532 torquet
1090 2483 1199 2533 BQ:
1238 2489 1412 2533 torques
1440 2485 1482 2522 A
1687 2499 1767 2535 352

113 2532 391 2583 diffunditque
419 2533 504 2584 DQ
538 2535 652 2586 (corr.
690 2536 733 2573 in
765 2536 846 2574 def.
881 2536 953 2588 9¹)
1118 2549 1198 2586 355
1229 2537 1391 2576 Nemea
1419 2539 1488 2577 P:
1520 2539 1708 2579 Nemeae
1737 2556 1767 2579 ω

113 2585 334 2636 (-efinalis
350 2588 405 2628 al.
427 2602 482 2626 m.
501 2588 558 2638 Q)
635 2591 716 2638 356
744 2590 834 2628 fluit
861 2591 903 2628 A
971 2603 1125 2640 magno
1144 2591 1195 2628 P¹
1219 2604 1230 2631 ι
1256 2591 1365 2631 sacto
1387 2592 1485 2643 P2w,
1525 2595 1573 2644 cf.
1597 2593 1771 2633 Mueller

113 2640 172 2679 ad
186 2641 254 2680 loc.
369 2653 448 2691 357
476 2642 638 2691 gelidas
659 2656 842 2693 vergens
864 2645 1068 2683 Erasinus
1087 2645 1130 2683 in
1151 2646 1337 2684 undasP
1354 2648 1458 2694 (Aad
1478 2654 1618 2687 arctos
1637 2648 1690 2687 al.
1707 2662 1763 2688 m.

113 2694 277 2745 marg),
297 2708 394 2735 corr.
425 2695 625 2736 Mueller:
667 2697 830 2747 gelidas
857 2712 918 2737 cu:
960 2711 1140 2748 surgens
1167 2699 1279 2737 BD:
1321 2714 1404 2740 om.
1428 2700 1467 2751 Q
1498 2701 1594 2741 add.
1617 2702 1669 2742 al.
1706 2717 1762 2742 m.

113 2747 154 2793 in
187 2749 321 2788 undas
355 2749 578 2801 (suprascr.
616 2752 670 2790 ad
701 2758 839 2791 arctos
865 2752 950 2793 ead.
986 2754 1066 2803 m.)
1096 2752 1168 2792 D:
1210 2754 1263 2792 ad
1281 2762 1423 2794 arctos
1449 2755 1531 2804 BQ
1685 2759 1766 2806 358

113 2801 352 2852 calcataque
380 2803 447 2843 P:
477 2804 759 2854 calcandaque
787 2806 876 2845 le
1031 2808 1111 2856 365
1141 2807 1313 2858 miratus
1342 2808 1454 2848 BD:
1484 2810 1662 2849 miratur
1689 2810 1769 2861 ΡΩ
