1884 3204
98 91 165 138 P.v
186 90 433 139 PAPINI
469 91 675 140 STATI
695 86 697 88 ¹

100 227 376 277 Deidamea
410 227 547 276 chori
581 227 899 292 pulchrisque
935 227 1184 279 sororibus
1220 230 1398 291 obstat3

96 308 225 358 illius
261 318 310 358 et
345 326 488 358 roseo
523 311 803 359 flammatur
836 327 1051 374 purpura
1084 314 1223 360 vultu

99 400 147 439 et
182 390 390 454 gemmis
426 393 509 439 lux
545 391 701 440 maior
734 391 863 441 inest
898 402 948 455 et
982 393 1213 442 blandius
1248 409 1456 441 aurum:

99 480 249 535 atque
285 471 378 535 ipsi
413 489 501 535 par
535 473 695 521 forma
730 474 854 522 deae
890 483 978 533 est,
1005 473 1057 522 vsi
1091 473 1305 537 pectoris
1341 472 1516 536 anguis
1823 529 1825 542 3

98 563 252 617 ponat
287 563 337 603 et
372 564 600 618 exempta
633 564 837 619 pacetur
871 549 1063 605 casside
1097 557 1275 604 vultus.
1677 573 1762 616 300
1812 554 1834 606 ’ές

98 635 228 683 hanc
263 632 351 682 ubi
385 635 654 683 ducentem
689 637 836 698 longe
872 635 1006 684 socia
1040 635 1238 699 agmina
1271 635 1407 696 vidit,
1810 624 1813 626 .

98 724 208 763 trux
241 731 364 777 puer
398 724 447 764 et
483 717 620 764 nullo
656 724 923 764 temeratus
959 725 1161 778 pectora
1195 725 1335 765 motu

98 795 296 859 diriguit
331 795 546 858 totisque
583 812 769 844 novum
804 795 932 845 bibit
967 796 1161 845 ossibus
1197 796 1376 861 ignem.

97 894 190 926 nec
225 879 344 925 latet
377 878 583 925 haustus
617 893 774 938 amor,
809 878 899 926 sed
932 879 1013 925 fax
1045 877 1235 927 vibrata
1269 877 1498 927 medullis

97 958 149 1006 in
183 959 347 1006 vultus
383 967 533 1020 atque
569 974 654 1006 ora
688 957 815 1006 redit
850 959 1115 1021 lucemque
1150 975 1388 1022 genarum
1679 971 1762 1019 ‘305
1789 950 1791 956 '
1827 959 1830 961 ’

97 1040 239 1103 tingit
275 1049 324 1088 et
358 1039 627 1102 impulsum
664 1039 803 1088 tenui
838 1041 1019 1089 sudore
1054 1050 1281 1104 pererrat.
1748 1034 1752 1037 ’
1818 1031 1819 1034 ¹

97 1124 255 1170 lactea
292 1123 604 1184 Massagetae
639 1120 791 1170 veluti
826 1138 941 1170 cum
978 1124 1159 1184 pocula
1194 1123 1389 1171 fuscant

99 1199 337 1264 sanguine
372 1199 589 1263 puniceo
624 1201 702 1248 vel
739 1200 862 1249 ebur
897 1199 1227 1263 corrumpitur
1262 1209 1409 1260 ostro,

96 1281 167 1331 sic
203 1281 346 1330 variis
382 1280 642 1330 manifesta
677 1280 808 1330 notis
844 1282 1094 1344 palletque
1129 1280 1372 1344 rubetque
1833 1346 1835 1351 Α

97 1365 298 1412 flamma
331 1379 522 1427 repens.
595 1371 674 1411 eat
709 1371 860 1426 atque
895 1363 1024 1410 ultro
1059 1363 1189 1411 ferus
1225 1361 1422 1426 hospita
1457 1379 1594 1412 sacra
1685 1382 1764 1423 310

97 1443 316 1492 dissiciat
351 1444 525 1492 turbae
561 1459 760 1491 securus
797 1451 846 1491 et
881 1441 1145 1490 immemor
1177 1441 1299 1502 aevi,

97 1525 149 1573 ni
184 1526 346 1589 pudor
381 1534 430 1573 et
464 1523 662 1572 iunctae
698 1532 865 1572 teneat
900 1522 1171 1571 reverentia
1206 1523 1387 1572 matris.

98 1616 151 1655 ut
186 1616 324 1670 pater
358 1593 569 1655 armenti
605 1606 863 1669 quondam
899 1606 1179 1668 ductorque
1214 1606 1421 1665 futurus,

97 1688 178 1737 cui
212 1689 440 1736 nondum
477 1696 583 1735 toto
618 1695 917 1750 peraguntur
952 1702 1139 1734 cornua
1172 1703 1304 1749 gyro,
1827 1739 1830 1741 ,

98 1787 212 1819 cum
250 1767 436 1818 sociam
471 1776 641 1831 pastus
678 1767 824 1816 niveo
860 1768 1078 1816 candore
1113 1766 1374 1816 iuvencam
1681 1788 1729 1829 3¹
1739 1787 1762 1830 5

97 1849 320 1914 adspicit,
359 1851 625 1898 ardescunt
660 1848 814 1897 animi
848 1848 1137 1912 primusque
1173 1865 1260 1912 per
1295 1866 1380 1898 ora

91 1922 295 1996 'spumat
330 1948 481 1990 amor,
521 1939 748 1994 spectant
783 1930 961 1979 hilares
999 1930 1299 1994 obstantque
1328 1930 1559 1995 magistri.

166 2014 394 2076 Occupat
429 2021 622 2076 arrepto
658 2008 757 2061 iarn
794 2011 994 2062 conscia
1028 2021 1252 2076 tempore
1289 2022 1444 2062 mater
1471 2032 1481 2062 ε

101 2099 111 2119 ‘
132 2096 308 2143 Hasne
343 2093 470 2142 inter
505 2092 735 2142 simulare
770 2095 948 2142 choros
985 2102 1033 2142 et
1068 2093 1300 2142 bracchia
1334 2095 1455 2143 ludo
1820 2143 1827 2148 ,,

96 2185 308 2235 nectere,
346 2184 475 2235 nate,
513 2191 657 2238 grave
694 2176 808 2224 est?
853 2174 1016 2238 gelida
1051 2174 1173 2238 quid
1208 2177 1306 2224 tale
1341 2176 1434 2225 sub
1471 2176 1600 2226 Ossa
1684 2194 1784 2235 320·
1815 2194 1827 2237 j

97 2256 406 2319 Peliacisque
441 2255 603 2320 iugis?
650 2273 681 2306 o
716 2255 757 2305 si
793 2255 916 2304 mihi
951 2255 1152 2320 iungere
1188 2273 1329 2306 curas
1813 2255 1816 2256 ⁷

95 2348 246 2402 atque
280 2338 433 2387 alium
469 2346 664 2400 portare
700 2337 812 2387 sinu
848 2337 1104 2400 contingat
1139 2337 1387 2387 Achillem
1409 2340 1445 2387 l'

98 2421 341 2468 mulcetur
375 2421 662 2483 laetumque
697 2420 842 2468 rubet
877 2418 1112 2482 visusque
1147 2428 1401 2483 protervos

150 2551 231 2599 296
263 2549 493 2588 Deidamea
521 2549 588 2587 P:
631 2548 855 2587 Deidamia
881 2547 952 2586 Εω
1145 2561 1226 2599 299
1266 2550 1372 2588 deae
1411 2549 1491 2601 est]
1527 2550 1637 2589 deae
1675 2547 1761 2588 Em:
1817 2526 1828 2569 *-

97 2605 218 2643 deest
244 2604 286 2643 P
304 2603 413 2642 unde
432 2604 582 2642 deaest
610 2603 784 2643 Kohlm.
910 2616 992 2653 300
1022 2611 1154 2654 ponat
1174 2610 1356 2654 excepta
1374 2603 1415 2642 E
1530 2610 1706 2690 pareliur
1721 2603 1764 2644 P
1816 2617 1826 2644 ζ’

1656 2669 1679 2690 a
1813 2669 1824 2676 “

95 2700 321 2740 Heinsius:
342 2698 608 2750 placeturEcu
692 2713 772 2749 302
792 2700 910 2740 vultu
930 2700 1378 2752 (mosup.vu1add.)P
1456 2713 1537 2749 304
1558 2713 1637 2740 nec
1649 2698 1766 2739 tetP
1799 2689 1824 2739 τ.

96 2767 177 2805 305
208 2755 336 2806 redit]
359 2767 416 2793 an
436 2755 546 2795 ruit?
671 2756 754 2803 308
782 2755 913 2794 veluti
934 2755 1042 2794 ebur
1067 2755 1110 2794 P
1227 2768 1309 2804 310
1339 2767 1491 2795 recens
1517 2754 1559 2793 E
1677 2767 1756 2805 311
1810 2783 1828 2808 ‚3-

96 2810 296 2848 discutiat
323 2807 365 2846 E
545 2821 625 2858 3ῐ3
656 2810 890 2860 ductorque
918 2809 984 2848 P:
1014 2815 1241 2859 rectorque
1270 2809 1341 2848 Εω
1520 2820 1602 2858 315
1633 2815 1759 2859 pastu
1811 2811 1823 2850 ,Ῐ

96 2864 138 2902 Ε
155 2868 191 2902 et
209 2865 253 2902 in
274 2877 356 2902 ras.
381 2863 420 2912 Q
510 2882 513 2885 ’
546 2877 626 2913 317
656 2864 913 2914 obstantque
940 2863 1006 2902 P:
1037 2870 1273 2914 optantque
1302 2863 1371 2903 Εω
1507 2875 1589 2913 320
1617 2863 1760 2913 gelido
1807 2875 1836 2911 χ

98 2918 139 2956 Ε
320 2930 400 2966 323
429 2918 680 2971 laetussque
709 2932 804 2958 cum
833 2932 917 2959 ras,
945 2918 1013 2958 P:
1041 2919 1237 2968 letusque
1265 2917 1308 2956 E
1493 2919 1692 2968 visosque
1719 2916 1763 2956 P
1805 2918 1827 2970 γ’·

98 2984 308 3023 supervos
335 2970 390 3021 E,
410 2973 456 3024 cf.
482 2971 595 3012 Lact.
1787 2981 1790 2982 ’
1810 2976 1812 2978 ’
