1884 3204
957 82 1368 134 THEBAIDOS
1407 82 1621 130 LIBER
1655 81 1762 129 XII

39 271 42 278 Υ
115 239 314 288 exegere
349 223 533 281 duces;
580 219 630 267 hi
666 221 776 280 tela,
815 218 866 267 hi
901 235 1125 282 corpora,
1159 228 1209 267 at
1244 218 1313 267 illi

112 318 364 352 caesorum
399 309 589 349 tantum
625 316 709 348 ora
744 299 912 348 vident
946 298 1205 362 alienaque
1240 298 1373 347 iuxta
1715 315 1765 355 25

113 393 310 447 pectora
329 400 343 443 ;
387 397 496 444 pars
531 396 699 429 currus
734 381 920 428 deflent
954 378 1215 442 viduisque
1250 382 1531 441 loquuntur,

113 467 208 513 hoc
243 465 399 512 solum
436 459 551 524 quia
585 470 746 520 restat,
784 459 959 523 equis3
999 476 1108 523 pars
1145 462 1314 518 oscula
1350 461 1504 522 figunt

38 586 43 588 ψ
111 542 390 594 vulneribus
426 541 614 605 magnis
649 550 697 590 et
732 543 796 590 de
830 540 1007 590 virtute
1042 549 1324 603 queruntur.

55 666 75 681 ,
112 624 283 688 frigida
317 621 548 686 digeritur
582 631 794 685 strages:
841 630 1042 685 patuere
1078 620 1260 670 recisae

112 722 225 755 cum
261 702 446 767 capulis
481 702 732 765 hastisque
768 719 942 751 manus
979 701 1255 764 mediisque
1291 699 1494 764 sagittae
1715 717 1766 755 30

59 823 62 827 .
111 784 376 835 luminibus
411 792 594 832 stantes
611 802 624 844 3
671 783 836 832 multis
871 783 1074 846 vestigia
1107 782 1273 832 caedis

112 867 257 924 nulla,
294 873 440 912 ruunt
474 865 676 926 planctu
710 865 961 927 pendente
997 873 1046 912 et
1081 863 1266 926 ubique
1301 871 1485 926 parato,

109 963 167 995 ac
201 945 382 994 circum
419 943 641 994 informis
676 954 876 994 truncos
913 944 1189 994 miserabile
1225 943 1376 1007 surgit

110 1035 373 1085 certarnen,
408 1024 493 1088 qui
528 1024 655 1074 iusta
690 1027 859 1084 ferant,
898 1025 984 1089 qui
1020 1027 1190 1074 funera
1225 1026 1424 1074 ducant.

109 1122 254 1170 saepe
288 1105 435 1155 etiam
472 1106 662 1155 hostilis
697 1105 835 1171 (lusit
872 1109 1089 1155 Fortuna
1124 1103 1405 1169 parumper)
1715 1120 1765 1160 35

110 1185 303 1250 decepti
338 1188 514 1235 flevere
549 1186 709 1248 viros3
756 1203 850 1235 nec
886 1196 1018 1236 certa
1052 1187 1258 1235 facultas
1307 1226 1309 1228 .

110 1283 324 1327 noscere,
363 1283 511 1330 quem
547 1267 711 1316 miseri
746 1267 900 1316 vitent
935 1269 1188 1316 calcentve
1224 1282 1462 1315 cruorem.

109 1357 159 1396 at
193 1347 372 1411 quibus
407 1357 481 1396 est
515 1347 700 1396 inlaesa
735 1350 914 1398 domus
950 1346 1192 1409 vacuique
1227 1345 1426 1405 doloris,

108 1438 192 1478 aut
226 1430 417 1478 deserta
452 1428 560 1491 vagi
598 1431 828 1477 Danaum
866 1427 1076 1477 tentoria
1110 1430 1318 1476 lustrant

93 1508 477 1571 ,immittuntque
511 1510 656 1569 faces,
694 1519 780 1558 aut
814 1508 965 1573 (quae
1000 1517 1114 1571 post
1149 1509 1279 1557 bella
1314 1507 1539 1571 facultas)
1714 1527 1768 1565 40

110 1599 362 1653 quaerunt,
400 1589 648 1652 dispersus
683 1589 840 1639 iaceat
875 1607 976 1653 quo
1011 1591 1211 1653 pulvere
1246 1590 1461 1651 Tydeus,

108 1686 171 1718 an
206 1669 330 1733 rapti
364 1678 527 1733 pateat
562 1669 744 1734 specus
772 1670 982 1735 auguris,
1019 1679 1104 1718 aut
1139 1669 1226 1718 ubi
1261 1669 1431 1718 divum

109 1749 262 1799 hostis
297 1767 359 1799 an
394 1751 639 1800 aetheriae
674 1751 840 1800 vivant
874 1768 961 1814 per
997 1751 1220 1800 membra
1254 1750 1460 1798 favillae.

109 1830 205 1879 iam
241 1830 450 1880 lacrimis
486 1842 714 1895 exempta
750 1833 870 1894 dies,
910 1850 1002 1882 nec
1039 1849 1174 1881 serus
1210 1831 1374 1895 abegit

109 1927 311 1975 vesper:
357 1922 526 1962 amant
561 1913 725 1963 miseri
760 1916 976 1962 lamenta
1012 1911 1253 1975 malisque
1288 1913 1526 1971 fruuntur,
1703 1932 1767 1974 ‚45

109 2008 201 2041 nec
236 1992 430 2043 subiere
464 1995 656 2056 domos,
694 1996 782 2043 sed
818 1993 1002 2043 circum
1039 1995 1209 2042 funera
1243 2009 1430 2056 pernox

109 2073 251 2121 turba
285 2075 438 2134 sedet,
476 2074 766 2138 vicibusque
801 2074 928 2123 datis
963 2076 1150 2123 alterna
1183 2083 1436 2137 gementes

110 2153 222 2216 igne
256 2155 381 2203 feras
415 2157 717 2218 planctuque
751 2157 922 2219 sugant
940 2174 954 2216 3
999 2171 1091 2204 nec
1127 2154 1356 2204 dulcibus
1391 2154 1530 2203 astris

110 2232 237 2282 victa
272 2251 364 2283 nec
399 2235 600 2284 assiduo
636 2235 859 2285 coierunt
893 2235 1081 2284 lumina
1117 2237 1248 2284 fletu.

109 2313 278 2362 tertius
314 2317 534 2365 Aurorae
569 2317 820 2380 pugnabat
857 2316 1064 2376 Lucifer,
1103 2325 1152 2364 et
1187 2316 1286 2364 iam
1704 2335 1768 2375 >50

61 2433 67 2436 .
109 2393 361 2443 montibus
396 2395 592 2455 orbatis,
629 2398 852 2445 lucorum
887 2396 1052 2460 gloria,
1090 2413 1298 2459 magnae

30 2522 33 2525 ,
110 2475 343 2523 Teumesi
381 2493 556 2525 venere
591 2478 753 2526 trabes
789 2487 838 2526 et
872 2477 1031 2526 amica
1067 2477 1337 2528 Cithaeron

164 2615 216 2652 24
246 2601 314 2642 hic
341 2603 425 2642 tela
454 2603 521 2642 hic
549 2603 591 2641 P
670 2609 732 2651 att
764 2603 806 2642 P
911 2617 965 2654 30
996 2605 1145 2644 malim
1166 2605 1354 2644 hastisve
1477 2617 1530 2654 33
1559 2594 1609 2644 ac
1633 2604 1699 2644 P:
1728 2613 1769 2645 at

112 2655 179 2695 ωδ
304 2657 357 2705 38
391 2657 548 2696 doloris
571 2657 830 2697 Gronovius:
860 2659 1030 2697 dolores
1049 2658 1159 2698 codd.
1186 2673 1194 2697 :
1224 2659 1371 2697 dolore
1384 2659 1589 2697 Heinsius
1715 2674 1769 2708 40

113 2709 287 2749 facultas
303 2710 435 2749 PDN
468 2725 477 2750 :
508 2712 703 2762 voluptas
722 2712 913 2762 BKN¹Q
1108 2726 1158 2762 41
1191 2713 1408 2763 dispersus
1425 2712 1513 2751 ΡΝ
1518 2715 1555 2751 ¹:
1586 2714 1767 2764 dispersi

1640 2779 1663 2800 u

113 2803 344 2855 BDKQN¹
425 2819 477 2856 43
495 2807 710 2846 aethesiae
731 2808 821 2859 (stc)
843 2814 880 2847 et
897 2808 939 2846 in
960 2821 1094 2859 marg.
1118 2809 1359 2857 †aethneae
1382 2809 1420 2859 Q
1502 2821 1552 2858 45
1583 2810 1770 2859 feruntur

113 2857 475 2962 gu¹sabgt9wflsectu
495 2860 537 2898 P
643 2874 698 2911 50
725 2875 903 2902 aurorae
922 2862 1009 2901 ΡΝ
1014 2863 1026 2883 ²
1045 2877 1053 2901 ε
1083 2876 1273 2941 auroram
1292 2863 1360 2902 ωδ
1467 2865 1682 2913 pugnabat
1700 2864 1765 2902 P:

1531 3000 1605 3038 21*
