1884 3204
104 91 176 140 P..·
198 90 440 139 PAPINI
476 90 682 139 STATI

103 225 185 277 ille
220 244 313 291 ego
349 244 472 288 sum,
511 228 599 291 qui
633 237 682 277 te
717 229 893 291 paeem
928 220 994 278 et'
1012 229 1094 293 pia
1129 222 1237 279 iura
1268 216 1521 294 tegentem
1602 216 1609 224 ’
1683 216 1764 293 '16ss
1803 223 1823 249 ³

104 306 293 371 (infelix
327 309 618 373 utinamque
651 309 759 358 aliis
795 312 939 359 datus
975 311 1179 360 urbibus
1216 313 1397 374 hospes
1418 315 1450 376 1)
1756 319 1762 322 “

103 399 345 438 extorrem
381 390 537 454 patria
572 393 983 454 regnoque—sed
1018 392 1156 456 exige
1191 394 1395 442 tandem

103 470 431 534 supplicium:
478 474 675 521 fratrem
712 482 941 536 suprema
975 472 1027 521 in
1063 474 1194 522 bella
1230 473 1374 539 (quid
1409 475 1615 522 horres?

101 553 357 601 decretum
394 562 468 602 est
502 554 777 618 fixumque)
813 568 975 614 voco3
1021 550 1203 603 desiste
1240 554 1431 613 morari,

102 650 195 682 nec
231 633 428 696 poteris.
500 651 603 682 non
640 634 681 683 si
714 644 818 683 atra
852 626 1028 698 paretis
1064 635 1371 698 miseraeque
1406 651 1596 686 sorores
1689 640 1769 697 170
1828 628 1830 630 i

103 715 155 763 in
191 715 358 765 media
392 733 529 765 arma
564 718 757 775 ca'da’nt,
797 727 901 764 non
919 716 978 764 ‘si
1014 716 1120 779 ipse
1154 719 1220 766 ad
1255 718 1387 766 bella
1421 715 1583 766 ruenti
1762 707 1765 710 ’

102 797 351 845 obstet-‘et
386 796 653 845 exstinctos
689 798 857 859 galeae
892 806 1030 859 pater
1065 797 1254 860 ingerat
1289 797 1435 857 orbis,
1560 786 1564 790 ¹

103 877 348 926 deficiam.
421 894 551 925 anne
587 876 758 924 bibam
795 886 1018 940 superest
1055 880 1411 941 quodcumque
1446 877 1632 927 cruoris

111 958 344 1007 Inachii?
391 967 441 1007 et
475 957 647 1006 vestris
684 957 958 1006 etiamnum
1000 958 1242 1008 mortibus
1284 962 1431 1008 utar?

100 1035 202 1084 vidi
238 1052 330 1098 ego
366 1052 447 1083 me
482 1044 683 1098 propter
717 1044 887 1104 ruptos
923 1035 1110 1084 telluris
1146 1036 1321 1095 hiatus,
1691 1053 1768 1096 175

101 1134 195 1166 nec
232 1116 396 1178 subii3
440 1115 543 1165 vidi
579 1115 863 1165 exanimum
898 1116 1094 1180 fecique
1130 1127 1398 1167 nocentem
1840 1107 1841 1110 Ἴ

102 1200 276 1262 Tydea
292 1216 306 1259 3
352 1199 447 1246 me'
469 1199 636 1261 Tegee
671 1214 837 1261 regem
872 1197 1131 1247 indefensa
1164 1198 1397 1262 reposcit,

103 1280 323 1343 orbaque
360 1278 629 1327 Parrhasiis
665 1280 821 1327 ululat
858 1279 981 1327 mihi
1017 1289 1174 1329 mater
1208 1280 1260 1328 in
1295 1279 1458 1329 antris.

99 1361 206 1425 ipse
241 1378 335 1410 nec
373 1360 561 1409 Ismeni
594 1360 737 1424 ripas,
776 1362 898 1410 dum
934 1370 1106 1425 stagna
1141 1370 1365 1425 cruentat

101 1442 479 1507 Hippomedon,
518 1441 690 1505 Tyrias
726 1441 867 1505 potui
902 1459 995 1491 nec
1030 1445 1268 1492 scandere
1303 1441 1460 1502 turris,
1687 1453 1769 1491 180
1840 1431 1854 1489 ,Ῠ

100 1526 222 1573 dum
258 1533 410 1584 tonat,
444 1532 499 1573 *et
534 1532 713 1582 tecum,
754 1524 1007 1587 Capaneu,
1047 1525 1254 1573 miscere
1289 1526 1516 1573 furores?
1847 1514 1850 1522 ἶ

101 1605 210 1669 quis
247 1614 412 1654 tantus
447 1622 537 1668 pro
573 1606 684 1653 luce
719 1604 908 1654 timor?
955 1608 1044 1655 sed
1079 1605 1230 1670 digna
1263 1607 1548 1669 rependam.

101 1686 400 1737 conveniant
436 1685 523 1734 ubi
559 1703 788 1749 quaeque
823 1703 975 1735 nurus
1013 1696 1294 1750 matresque
1330 1688 1566 1750 Pelasgae

99 1768 426 1832 longaevique
460 1777 636 1831 patres,
677 1784 890 1830 quorum
927 1776 1001 1816 tot
1036 1768 1216 1831 gaudia
1251 1767 1409 1832 carpsi

100 1849 370 1912 orbavique
406 1850 619 1897 domos:
666 1847 799 1896 fratri
835 1865 1090 1909 concurro,
1131 1849 1252 1912 quid
1287 1851 1415 1898 ultra
1449 1857 1523 1898 est
1536 1848 1562 1898 x?
1691 1856 1769 1909 185
1849 1870 1851 1873 ⁴
1880 1858 1883 1870 ²

99 1939 325 1995 spectent
361 1939 410 1979 et
444 1929 571 1979 votis
606 1929 844 1978 victorem
882 1932 1119 1979 Eteoclea
1154 1939 1375 1994 poscant.

100 2010 300 2072 iamque
335 2010 455 2067 vale,
495 2007 726 2067 coniunx,
766 2009 1039 2071 dulcesque
1073 2010 1234 2057 valete
1275 2009 1552 2070 Mycenae!

98 2100 149 2140 at
184 2100 252 2151 tu,
291 2107 409 2139 care
438 2106 578 2138 socer
612 2088 726 2154 (nec
762 2088 895 2137 enim
932 2088 1094 2138 omnis
1130 2091 1277 2153 culpa
1312 2090 1555 2137 malorum

101 2189 182 2221 me
216 2188 369 2236 penes
407 2180 455 2220 et
491 2169 654 2234 superi
689 2187 888 2219 mecum
927 2173 1210 2233 Parcaeque
1244 2168 1520 2234 nocentes),

101 2253 167 2303 sis
202 2252 327 2302 lenis
362 2252 529 2313 cineri,
568 2268 749 2315 meque
784 2253 909 2300 haec
943 2260 1057 2315 post
1092 2251 1279 2315 proelia
1313 2260 1508 2315 raptum
1693 2269 1770 2312 190
1853 2269 1868 2314 3

100 2334 299 2383 alitibus
335 2334 568 2397 fratrique
603 2343 738 2398 tegas
774 2350 1050 2396 urnamque
1085 2342 1318 2397 reportes.

117 2468 121 2470 “
159 2467 237 2514 165
267 2469 486 2514 tegentem
525 2464 697 2515 scripsi:
745 2469 964 2511 regentem
1004 2461 1114 2502 codd.
1233 2464 1308 2512 167
1342 2462 1526 2502 extorris
1566 2461 1774 2502 Sshrader

104 2519 231 2569 exige
274 2522 499 2570 (suprascr.
532 2517 678 2569 exigo)
712 2517 782 2556 D:
830 2518 956 2567 exigo
990 2517 1141 2567 Imhof
1295 2519 1373 2556 -168
1402 2518 1612 2568 supplicia
1643 2517 1777 2567 DQN
1846 2544 1850 2550 η

104 2587 180 2623 170
209 2587 288 2613 nee
318 2575 354 2613 si
387 2573 430 2611 P
540 2586 613 2623 171
646 2586 764 2612 arma
793 2579 916 2611 ruant
943 2572 984 2610 A
1101 2585 1187 2611 non
1216 2572 1334 2622 ipsae
1362 2571 1432 2611 P:
1472 2585 1555 2611 non
1586 2572 1622 2610 si
1651 2584 1699 2610 se
1729 2571 1767 2610 S
1852 2592 1854 2595 v

108 2641 184 2679 172
213 2629 373 2679 ingerit
395 2628 434 2678 Q
601 2639 676 2678 175
707 2640 788 2677 ego
822 2640 889 2665 me
921 2627 1038 2666 PD:
1069 2639 1150 2676 ego
1184 2629 1280 2678 mes
1301 2626 1405 2676 QB:
1448 2631 1619 2676 egomet
1649 2626 1775 2665 KNS

106 2685 141 2733 (t
168 2684 320 2734 punxit
348 2683 410 2732 K)
593 2695 674 2732 177
705 2681 930 2721 indefensa
959 2681 1067 2731 PQ:
1097 2681 1311 2720 indefessa
1338 2680 1516 2719 BDKN
1692 2682 1770 2719 180
1853 2685 1858 2734 J

102 2738 284 2776 sandere
306 2737 344 2787 Q
487 2738 564 2786 183
593 2738 664 2776 ubi
684 2749 879 2788 quaeque
899 2736 1102 2775 Heinsius
1120 2750 1130 2774 :
1157 2735 1230 2774 ubi
1250 2748 1416 2786 cunque
1430 2734 1540 2774 Pws
1692 2737 1770 2784 184
1862 2732 1863 2737 ’

104 2805 186 2831 om.
206 2793 262 2841 N,
279 2792 376 2831 add.
400 2805 534 2843 marg.
556 2792 615 2830 al.
634 2805 691 2830 m.
855 2792 930 2840 185
959 2792 1220 2839 orbataeque
1238 2790 1286 2828 N
1435 2791 1513 2828 186
1541 2789 1595 2831 al.
1620 2803 1677 2828 m.
1694 2803 1767 2829 scr.

103 2846 187 2896 ΝΩ
209 2849 362 2896 (marg.
384 2846 454 2897 Ν)
610 2852 787 2897 pascant
810 2846 852 2898 (o
870 2846 1098 2896 suprascr.)
1120 2845 1164 2882 D
1316 2856 1388 2892 191
1421 2849 1541 2893 tegas
1562 2850 1765 2894 suprascr.

104 2901 270 2950 †negas
294 2901 348 2938 al.
368 2914 424 2939 m.
451 2900 501 2951 Q,
518 2901 685 2950 †neges
704 2901 758 2940 al.
780 2913 834 2939 m.
858 2901 907 2938 N
1038 2911 1271 2948 urnamque
1288 2896 1541 2948 PBKDNQ
1561 2898 1771 2949 (urnaque
1854 2897 1858 2899 “

104 2961 310 3006 suprascr.
335 2955 393 3006 Q)
413 2968 421 2993 :
451 2967 644 3004 urnaque
665 2954 702 2994 S
836 2966 1021 3004 reponas
1044 2953 1268 3006 (suprascr.
1291 2953 1504 3004 reportes)
1522 2952 1607 3003 DQ
