1884 3204
976 74 1386 123 THEB'AIDOS
1425 74 1637 121 LIBER
1678 75 1736 121 11

81 217 330 281 inciperes.
403 218 563 277 neque
598 222 646 261 te
682 211 974 261 furibundae
1010 210 1213 260 crimine
1249 210 1428 259 mentis

35 351 38 361 .
81 295 348 361 arguerim:
387 295 619 342 mandata
654 293 814 340 refers.
887 307 1020 339 nunc
1057 290 1225 339 omnia
1260 291 1463 353 quando

79 379 224 442 plena
258 374 416 435 minis,
454 390 546 422 nec
582 381 773 435 sceptra
808 372 907 420 fide
943 387 1035 420 nec
1070 387 1195 434 pace
1231 380 1484 433 sequestra
1651 391 1729 430 4²5

64 444 291 523 poscitis,
328 465 377 504 et
410 452 608 518 propior
641 454 820 516 capulo
855 468 1044 511 manus,
1083 453 1206 500 haec
1243 468 1352 499 mea
1387 450 1486 514 regi

79 536 321 602 Argolico,
360 536 583 584 nondum
618 550 777 596 aequa
812 531 920 592 tuis,
959 531 1066 580 vice
1101 531 1234 580 dicta
1268 540 1490 597 reporta:

35 666 38 670 .
80 635 205 683 quae
239 633 342 666 sors
377 615 504 664 iusta
539 614 673 674 mihi,
712 630 839 677 quae
874 630 976 662 non
1012 612 1262 662 indebitus
1298 612 1440 660 annis

51 708 267 763 sceptra
301 696 481 747 dicavit
516 698 689 755 honos,
729 704 876 743 teneo
910 695 1214 757 longumque
1250 694 1447 742 tenebo.

79 791 127 830 te
160 795 310 844 penes
347 777 581 826 Inachiae
616 775 794 826 dotalis
829 774 960 839 regia
995 776 1131 824 dono
1654 793 1733 833 430

56 858 310 923 coniugis,
350 868 398 907 et
435 861 638 907 Danaae
676 855 818 921 (quid
854 855 987 905 enim
1025 855 1291 904 maioribus
1326 854 1448 904 actis

77 940 319 990 invideam
336 939 382 1013 Ρ)
417 941 729 988 cumulentur
763 954 897 1001 opes,
936 936 1160 986 felicibus
1197 939 1355 1000 Argos

77 1020 304 1085 auspiciis
340 1023 653 1083 Lernamque
688 1036 856 1082 regas;
903 1035 995 1067 nos
1032 1017 1229 1067 horrida
1267 1017 1440 1067 Dirces

37 1116 39 1118 ·
77 1118 258 1167 pascua
292 1111 341 1150 et
377 1100 614 1150 Euboicis
654 1110 833 1149 artatas
869 1099 1100 1149 fluctibus
1137 1116 1260 1159 oras,

76 1200 176 1232 non
212 1181 451 1245 indignati
488 1181 721 1230 miserum
757 1181 936 1231 dixisse
971 1189 1225 1244 parentem
1649 1200 1731 1240 435

77 1263 407 1328 Oedipoden:
455 1262 544 1312 tibi
579 1265 711 1326 larga
747 1262 949 1325 (Pelops
985 1271 1033 1310 et
1069 1263 1307 1310 Tantalus
1337 1262 1530 1324 auctor)

76 1344 319 1404 nobilitas,
355 1343 653 1408 propiorque
688 1345 807 1391 fluat
843 1345 906 1392 de
942 1341 1179 1405 sanguine
1214 1341 1383 1390 iuncto
1438 1378 1441 1383 s

76 1425 308 1490 Iuppiter.
379 1442 510 1474 anne
544 1427 666 1474 feret
700 1427 816 1472 luxu
851 1432 1088 1472 consueta
1123 1432 1328 1486 paterno

77 1509 209 1556 hunc
243 1506 408 1570 regina
442 1507 634 1555 larem?
680 1514 875 1554 nostrae
911 1504 991 1553 cui
1026 1503 1130 1552 iure
1166 1519 1356 1552 sorores

75 1587 218 1636 anxia
251 1604 405 1651 pensa
438 1588 646 1646 trahant,
672 1588 823 1649 longo
859 1602 1008 1648 quam
1045 1584 1244 1634 sordida
1279 1586 1416 1632 luctu
1651 1604 1736 1644 440

78 1677 230 1718 mater
264 1677 313 1718 et
348 1685 407 1717 ex
441 1667 551 1716 imis
586 1667 783 1716 auditus
819 1669 943 1716 forte
978 1665 1193 1715 tenebris

77 1751 295 1800 offendat
328 1766 465 1799 sacer
498 1749 580 1798 ille
615 1749 777 1799 senex.
850 1748 948 1797 iam
983 1757 1184 1812 pectora
1219 1747 1351 1811 vulgi

9 1897 13 1900 Β
75 1833 342 1881 adsuevere
377 1831 521 1895 iugo:
567 1832 724 1895 pudet
758 1832 856 1879 heu
891 1829 1150 1894 plebisque
1185 1839 1494 1892 patrumque,

77 1930 140 1962 ne
174 1913 354 1962 totiens
388 1912 574 1961 incerta
608 1914 764 1961 ferant
799 1920 1092 1974 mutentque
1126 1920 1380 1973 gementes

75 1993 279 2057 imperia
313 2002 362 2043 et
396 1993 551 2042 dubio
586 1992 748 2056 pigeat
783 2009 952 2056 parere
987 2001 1208 2055 tyranno.
1649 2012 1729 2051 445

77 2091 179 2125 non
213 2074 368 2138 parcit
402 2073 597 2137 populis
632 2090 837 2136 regnum
873 2074 1052 2133 breve3
1097 2072 1285 2136 respice
1321 2081 1535 2135 quantus

77 2157 259 2215 horror,
297 2165 351 2204 ut
384 2154 580 2204 attoniti
614 2164 782 2203 nostro
817 2153 868 2202 in
905 2153 1186 2203 discrimine
1223 2154 1382 2203 cives!

77 2238 234 2286 hosne
269 2253 373 2300 eg0‚
412 2235 521 2299 quis
557 2245 688 2284 certa
723 2245 796 2284 est
831 2236 924 2284 sub
960 2245 1009 2284 te
1044 2237 1172 2284 duce
1207 2252 1382 2299 poena,
1421 2235 1733 2298 relinquam?

76 2317 237 2377 iratUS,
274 2334 517 2381 germane,
556 2316 706 2365 venis.
778 2319 854 2366 fac
890 2318 1043 2365 velle:
1098 2333 1191 2365 nec
1226 2316 1332 2379 ipsi,

77 2397 117 2447 si
151 2399 304 2447 modo
339 2407 486 2446 notus
520 2414 660 2446 amor
695 2397 954 2461 meritique
989 2407 1063 2447 est
1097 2397 1263 2461 gratia,
1302 2407 1484 2461 patres-
1650 2417 1732 2460 450

60 2480 280 2550 reddere
315 2495 462 2542 regna
497 2479 691 2528 sinent.'
760 2481 878 2527 Non
914 2481 1038 2527 ultra
1074 2495 1246 2542 passus
1283 2488 1332 2527 et
1368 2496 1478 2528 orsa

128 2615 208 2652 423
236 2602 379 2652 gentis
407 2601 497 2640 DN
514 2604 635 2645 (corr.
653 2601 696 2640 in
716 2602 870 2640 mentis
888 2601 932 2639 N
944 2602 978 2655 3)
1089 2614 1166 2650 424
1197 2614 1310 2640 nunc
1330 2600 1372 2638 P
1389 2601 1506 2652 (sunt
1526 2607 1726 2652 suprascr.

73 2655 150 2708 P2)
353 2669 433 2705 429
480 2662 786 2706 aeternumque
822 2656 866 2694 N
1054 2668 1133 2705 432
1176 2656 1367 2694 invideas
1401 2657 1448 2707 ('‘
1479 2656 1531 2694 al.
1569 2656 1654 2704 m.)
1691 2657 1734 2694 D

77 2712 158 2761 436
184 2709 261 2749 tibi
294 2708 445 2749 Lerma
477 2711 596 2761 palus
629 2711 690 2748 Αι
869 2724 949 2759 442
979 2723 1098 2748 sacer
1124 2709 1304 2759 PN¹Q22
1350 2722 1472 2748 socer
1493 2710 1734 2761 BDN²Q1S

78 2775 157 2815 444
177 2765 586 2815 ‹serant-mutantque
610 2764 647 2813 Q
793 2778 872 2814 447
903 2771 948 2803 ut
967 2764 1150 2803 Koestlin
1171 2779 1180 2804 ι
1211 2764 1382 2809 εἴτοαίἰ.
1549 2766 1630 2815 448
1661 2772 1732 2804 -ne

75 2833 159 2858 om.
181 2825 381 2870 suprascr.
403 2818 450 2858 N
468 2818 565 2860 Cod.
589 2819 732 2870 Magd.
890 2820 1090 2870 reliquam
1111 2819 1154 2858 P
1263 2823 1266 2826 '
1341 2831 1416 2869 451
1450 2820 1555 2871 non]
1578 2832 1658 2859 nec
1682 2823 1728 2868 χῆ

74 2880 298 2925 suprascr.)
319 2873 365 2911 N
