1884 3204
1003 71 1416 121 THEBAIDOS
1453 74 1667 122 LIBER
1704 74 1750 119 V

102 194 403 259 Aethiopum
438 202 487 244 et
522 210 716 243 mensas
751 210 890 243 amor
924 203 998 243 est
1033 194 1206 245 iterare
1243 196 1488 258 minores3

101 277 222 327 dant
255 275 388 324 fluvii
423 283 716 337 montesque
751 275 930 333 locum,
970 283 1075 323 tum
1112 285 1237 325 terra
1273 278 1492 340 superbit

99 355 342 422 gressibus
377 363 426 404 et
459 356 662 418 paulum
698 354 901 417 respirat
936 355 1132 404 caelifer
1166 358 1322 406 Atlas.
1667 379 1749 419 430

15 442 17 445 ’
99 435 180 487 hic
214 445 262 486 et
295 435 360 484 ab
394 443 579 484 asserto
613 451 771 498 nuper
806 436 1105 484 Marathone
1140 437 1409 500 superbum

98 517 292 567 Thesea
325 524 374 565 et
410 514 655 575 Ismarios,
693 514 961 578 Aquilonia
995 515 1214 579 pignora,
1252 519 1437 578 fratres,

14 627 20 640 -ι
74 605 299 661 *utraque
323 595 431 659 quis
466 595 608 644 rutila
642 595 914 644 stridebant
949 604 1172 659 tempora
1206 597 1372 660 pinna,

96 675 351 735 cernimus,
389 675 470 724 hic
506 676 712 725 Phoebo
748 692 849 724 non
885 675 1173 739 indignante
1208 677 1420 741 priorem

93 753 363 824 Admetum
398 765 446 806 et
482 758 632 806 durae
667 755 878 805 similem
914 756 1037 805 nihil
1073 757 1274 821 Orphea
1309 761 1546 820 Thracae,
1662 780 1744 822 435

11 870 17 896 ι,
91 845 211 901 tunc
243 839 431 900 prolem
467 838 724 900 Calydone
759 849 914 886 satam
948 855 1284 902 generumque
1319 840 1552 904 profundi

11 899 17 994 ἶ
91 918 294 968 Nereos.
365 917 599 981 ambiguo
633 917 764 966 visus
799 935 959 968 errore
994 921 1241 968 lacessunt

10 999 16 1058 ἦ
91 997 362 1049 Oebalidae
395 997 578 1061 gemini
594 1016 608 1059 3
653 999 872 1062 chlamys
907 999 1037 1059 huic,
1074 1001 1294 1065 chlamys
1328 1003 1467 1051 ardet
1502 1011 1551 1052 et
1586 1001 1673 1063 illi,

10 1071 15 1094 ²
69 1079 238 1128 *ambo
273 1078 448 1127 hastile
482 1087 669 1142 gerunt,
708 1095 904 1136 umeros
940 1089 1158 1129 exsertus
1195 1091 1414 1146 uterque,

10 1165 13 1221 ξ
59 1146 251 1224 'nudus
286 1169 491 1222 uterque
525 1175 687 1222 genaS,
727 1159 873 1207 simili
907 1177 1052 1209 coma
1086 1162 1296 1224 fulgurat
1330 1174 1474 1212 astro.
1659 1186 1740 1227 440

11 1232 13 1246 ³
87 1241 237 1290 audet
271 1239 362 1289 iter
396 1239 660 1303 magnique
695 1256 907 1303 sequens
943 1240 1146 1304 vestigia
1181 1251 1337 1291 mutat

9 1381 11 1386 Ι
89 1320 318 1370 Herculis
355 1329 404 1369 et
439 1321 576 1369 tarda
611 1319 834 1383 quamvis
871 1337 923 1369 se
958 1322 1090 1369 mole
1124 1323 1363 1372 ferentem

87 1401 167 1451 vix
200 1418 343 1451 cursu
379 1409 518 1450 tener
551 1409 731 1463 aequat
768 1402 926 1463 Hylas
963 1403 1285 1464 Lernaeaque
1321 1405 1500 1453 tollens

84 1497 219 1531 arma
253 1482 346 1530 sub
381 1480 567 1544 ingenti
600 1482 783 1544 gaudet
817 1482 995 1530 sudare
1030 1483 1270 1544 pharetra.

5 1578 9 1621 g
84 1579 198 1626 ergo
232 1561 407 1611 iterum
442 1563 613 1610 Venus
649 1570 697 1609 et
733 1560 891 1610 tacitis
927 1563 1077 1611 corda
1111 1579 1283 1626 aspera
1318 1565 1533 1614 flammis
1654 1591 1733 1631 445

83 1642 412 1693 Lemniadum
447 1650 742 1706 pertemptat
777 1644 944 1691 Amor.
1017 1651 1136 1691 tunc
1170 1643 1301 1707 regia
1337 1646 1466 1695 Iuno
1730 1636 1732 1638 ’

5 1723 8 1743 ¹
81 1738 217 1771 arma
250 1722 546 1786 habitusque
580 1722 738 1771 virum
762 1724 1107 1786 pulchraeque
1141 1723 1351 1788 insignia
1384 1727 1543 1789 gentis

4 1822 6 1827 ’
83 1802 330 1852 mentibus
365 1803 592 1862 insinuat,
631 1803 952 1866 certatimque
987 1803 1160 1853 ordine
1195 1814 1403 1855 cunctae

30 1887 34 1891 ’
83 1883 361 1948 hospitibus
396 1893 597 1947 patuere
630 1885 760 1933 fores
778 1902 793 1945 3
838 1893 957 1933 tunc
993 1884 1181 1948 primus
1216 1885 1268 1934 in
1302 1886 1397 1936 aris

3 1994 5 2000 ⁴
79 1963 219 2028 ignis,
257 1974 305 2014 et
339 1964 554 2013 infandis
588 1981 766 2013 venere
801 1964 982 2013 oblivia
1017 1965 1178 2026 curis3
1649 1992 1730 2032 450

0 2041 2 2090 ἓ
80 2053 200 2094 tunc
235 2046 409 2108 epulae
444 2044 657 2107 felixque
692 2060 841 2107 sopor
875 2053 1148 2108 noctesque
1183 2045 1393 2109 quietae,

80 2141 174 2175 nec
208 2141 438 2188 superum
474 2124 580 2173 sine
614 2133 793 2183 mente,
831 2141 952 2184 reor,
990 2127 1218 2187 placuere
1251 2128 1473 2177 fatentes.

79 2204 282 2255 forsitan
316 2214 365 2254 et
400 2214 595 2254 nostrae
629 2206 784 2253 fatum
820 2205 1097 2254 excusabile
1132 2208 1307 2270 culpae

78 2301 282 2334 noscere
316 2301 443 2344 cura,
482 2286 647 2334 duces,
719 2285 906 2335 cineres
941 2286 1188 2350 furiasque
1223 2304 1446 2337 meorum

77 2373 240 2424 testor,
278 2374 332 2413 ut
366 2374 587 2414 externas
622 2381 724 2414 non
759 2375 937 2429 sponte
970 2375 1054 2415 aut
1089 2366 1293 2417 crimine
1327 2371 1496 2420 taedas
1645 2377 1731 2436 455¹

70 2444 317 2509 attigerim
354 2443 466 2510 (scit
490 2462 606 2494 cura
641 2445 827 2510 deum),
866 2446 957 2495 etsi
993 2447 1203 2496 blandus
1242 2451 1391 2499 Iason

74 2523 340 2588 virginibus
376 2526 493 2575 dare
527 2525 688 2575 vincla
722 2526 899 2587 novis,
889 2545 898 2554 ·
944 2543 1032 2576 sua
1066 2527 1171 2577 iura
1209 2540 1469 2579 cruentum

125 2653 207 2701 428
234 2653 388 2692 iterare
415 2651 645 2693 Schrader.
682 2654 839 2694 intrare
867 2655 979 2695 codd.
985 2656 1066 2706 ‚cf
1088 2655 1192 2696 Silv.
1216 2658 1271 2697 iv.
1295 2671 1333 2698 2.
1356 2670 1423 2708 53.
1459 2659 1727 2700 Lactantium

2 2697 4 2702 ’
72 2704 224 2746 iterare
255 2707 369 2759 Iegis
360 2720 397 2745 e
429 2721 478 2746 ex
513 2712 609 2746 nota
644 2708 913 2758 ‘frequenter
940 2710 1134 2761 epulatur
1165 2711 1387 2762 Iuppiter.
1446 2714 1729 2764 ‚frequenter

73 2772 146 2800 eos
166 2760 352 2800 revisunt
367 2761 378 2783 ’
399 2761 538 2812 colligo
646 2775 727 2811 440
754 2775 857 2802 auro
884 2763 947 2801 A²
1057 2778 1154 2813 441-
1165 2778 1243 2814 444
1273 2780 1317 2804 m
1335 2766 1378 2804 P
1391 2767 1448 2806 zta
1466 2781 1509 2806 se
1525 2769 1730 2830 exqtpmnt

72 2809 165 2864 444,
187 2828 283 2875 442,
302 2827 392 2864 441,
414 2828 494 2864 443
513 2814 652 2854 addzto
669 2829 788 2867 szgno
806 2830 954 2856 erroms
1075 2821 1156 2868 446
1184 2826 1271 2858 tum
1290 2820 1338 2858 N
1451 2834 1531 2872 454
1561 2822 1726 2863 cineres

72 2865 221 2908 PDN·
211 2898 221 2908 .
249 2868 430 2908 cinerem
452 2869 634 2923 BKQ[S
645 2870 680 2923 3]
