1884 3204
951 83 1363 131 THEBAIDOS
1401 83 1618 131 LIBER
1654 84 1771 132 ΧΠ,

109 222 481 284 ambrosiaeque
515 219 636 282 rigat
670 218 813 276 sucis,
852 227 907 267 ut
941 218 1134 282 longius
1170 219 1369 268 obstent

108 311 489 366 exspectentque
523 308 707 362 rogum
730 307 780 348 et
815 300 1039 355 flammas
1075 316 1177 348 non
1212 309 1328 348 ante
1363 298 1604 348 fatiscant.
1681 319 1762 359 140

175 382 436 446 Squalidus
471 397 588 430 ecce
621 397 772 443 genas
807 389 857 429 et
890 379 1026 428 inani
1060 382 1260 429 vulnere
1294 382 1482 443 pallens

110 466 324 526 Ornytus
358 462 462 527 (hic
498 461 634 511 socio
669 463 891 510 desertus
925 462 990 510 ab
1024 460 1220 524 agmine
1239 479 1252 521 ς
1297 462 1455 519 tardat

43 581 47 584 -
109 547 250 609 plaga
283 542 475 607 recens)
510 542 687 591 timido
721 551 908 591 secreta
942 558 1029 605 per
1062 541 1171 590 avia
1205 543 1335 589 furto

78 675 81 677 Α
108 625 272 674 debile
306 623 459 687 carpit
494 623 585 672 iter
618 624 898 685 fractaeque
932 621 1156 670 innititur
1191 622 1374 670 hastae.

107 706 245 769 isque
280 704 365 754 ubi
401 713 535 752 mota
569 719 701 751 novo
736 702 922 766 stupuit
957 704 1066 752 loca
1100 703 1205 750 sola
1239 703 1453 750 tumultu
1683 720 1758 761 145

64 820 66 822 -
107 786 474 848 femineumque
506 801 702 848 gregem
740 783 889 847 (quae
923 783 1022 832 iam
1058 800 1204 847 super
1237 782 1434 846 agmina
1469 784 1630 831 Lerne

109 868 212 916 sola
246 865 413 929 videt),
452 882 554 914 non
589 864 671 914 ille
706 864 836 913 viam
872 881 1106 913 causasve
1141 863 1355 927 requirit,
1450 865 1451 868 ’

107 946 291 1010 quippe
325 955 509 1010 patent,
547 955 736 995 maesto
771 947 860 995 sed
896 945 966 994 sic
1002 945 1133 1009 prior
1166 954 1378 1008 occupat
1412 962 1528 994 ore:

111 1032 123 1054 ‘
142 1029 271 1089 Quo,
311 1027 533 1088 miserae,
568 1044 669 1090 quo
704 1026 837 1076 fertis
873 1026 1002 1075 iter?
1048 1028 1262 1075 funusne
1296 1025 1562 1090 peremptis

108 1108 310 1172 speratis
345 1108 660 1171 cineremque
695 1107 847 1156 viris?
894 1116 988 1156 stat
1024 1106 1225 1170 pervigil
1260 1106 1360 1155 illic
1690 1124 1767 1164 150

110 1190 392 1238 umbrarum
429 1199 595 1238 custos
630 1188 987 1251 inhumataque
1022 1205 1228 1251 corpora
1263 1187 1363 1251 regi

113 1272 438 1331 adnumerat3
483 1286 729 1333 nusquam
765 1269 1006 1327 lacrimae,
1044 1270 1216 1332 procul
1252 1285 1410 1331 usque
1445 1267 1597 1331 fugati

107 1367 333 1400 accessus
368 1350 661 1400 hominum:
709 1350 826 1399 solis
859 1350 1132 1413 avibusque
1167 1349 1379 1412 ferisque

109 1433 176 1481 ire
211 1433 337 1481 licet.
408 1431 645 1480 vestrisne
681 1432 846 1482 Creon
882 1430 1021 1480 dabit
1054 1438 1256 1493 aequus
1278 1431 1520 1478 honorem

110 1513 359 1562 luctibus?
404 1512 607 1561 immitis
643 1511 786 1560 citius
824 1511 1079 1561 Busiridos
1115 1528 1222 1559 aras
1688 1527 1766 1570 155

109 1594 404 1657 Odrysiique
438 1595 620 1642 famem
655 1592 836 1642 stabuli
870 1592 1161 1656 Siculosque
1198 1591 1365 1641 licebit

109 1692 305 1724 exorare
340 1676 492 1735 deos;
538 1673 694 1737 rapiet
729 1667 934 1723 fortasse
970 1673 1215 1737 precantis

109 1755 171 1821 (si
206 1772 346 1805 mens
381 1764 501 1804 nota
535 1754 678 1820 mihi)
715 1772 808 1804 nec
843 1754 1138 1818 coniugialia
1173 1771 1319 1817 supra

107 1839 289 1896 funera,
328 1838 417 1885 sed
450 1835 574 1885 caris
608 1838 755 1899 longe
790 1836 1026 1885 mactabit
1059 1836 1124 1884 ab
1159 1834 1360 1903 umbris.

107 1918 226 1982 quin
261 1916 440 1981 fugitis,
479 1918 599 1965 dum
635 1926 741 1965 tuta
775 1916 853 1965 via
887 1925 973 1975 est,
1014 1918 1326 1979 Lernamque
1361 1931 1609 1973 reversae·
1691 1924 1770 1962 160

109 1998 330 2058 nomina,
363 1999 501 2060 quod
536 2006 774 2061 superest,
808 1997 975 2046 vacuis
1011 1997 1138 2046 datis
1175 1998 1296 2046 orba
1330 1995 1565 2059 sepulcris

106 2078 425 2142 absentisque
457 2077 647 2126 animas
681 2079 746 2126 ad
781 2076 946 2127 inania
982 2078 1126 2127 busta
1160 2077 1387 2127 vocatis?

107 2170 191 2210 aut
226 2177 313 2209 vos
350 2158 642 2222 Cecropiam
680 2158 856 2221 (prope
891 2175 1108 2222 namque
1144 2168 1193 2207 et
1228 2161 1425 2208 Thesea
1460 2160 1591 2207 fama
1625 2168 1699 2208 est

106 2239 563 2291 Thermodontiaco
597 2241 782 2288 laetum
817 2256 1034 2288 remeare
1069 2239 1342 2305 triumpho)

106 2321 376 2386 imploratis
412 2322 600 2384 opem?
646 2320 779 2369 bello
813 2321 1067 2383 cogendus
1103 2330 1152 2370 et
1186 2321 1334 2369 armis
1692 2327 1767 2379 165

107 2403 158 2450 in
194 2418 354 2451 mores
390 2400 746 2464 hominemque
782 2401 976 2451 Creon!
1046 2401 1116 2451 sic
1151 2403 1292 2460 fatuS,
1330 2411 1380 2450 at
1415 2401 1508 2450 illis

1692 2520 1724 2542 n!

170 2566 247 2601 140
275 2563 424 2602 rogum
451 2550 520 2590 P:
550 2564 677 2601 rogos
708 2567 739 2590 ω
849 2557 892 2590 et
923 2550 1152 2591 PBDSN:
1185 2564 1267 2591 om.
1298 2550 1382 2600 KQ
1548 2563 1619 2601 1⁴41
1652 2551 1767 2590 inani

111 2607 156 2646 D
322 2619 399 2654 142
437 2605 504 2643 hic
544 2608 765 2657 (suprascr.
799 2606 900 2653 †h‹·:3
940 2605 984 2644 D
1179 2618 1255 2654 143
1296 2605 1446 2644 timido
1483 2604 1550 2648 P:
1598 2606 1769 2645 timidus

109 2661 177 2700 ωδ
296 2673 374 2710 per
393 2659 563 2708 agmina
581 2659 624 2698 P
806 2661 884 2709 146
914 2672 1038 2709 quem
1061 2659 1100 2709 Q
1239 2661 1358 2699 lerne
1379 2660 1414 2698 L
1434 2673 1443 2698 z
1473 2659 1618 2699 lernae
1652 2660 1764 2698 codd.

116 2717 349 2765 interpunx.
373 2714 584 2752 Baehrens
714 2726 789 2764 147
830 2728 902 2752 ·ve
938 2713 1022 2751 PD
1041 2728 1050 2752 z
1098 2727 1197 2765 -que
1235 2713 1442 2763 BKNQS
1530 2715 1534 2718 ’
1571 2715 1651 2763 148
1688 2715 1766 2754 sed

111 2770 194 2822 sic]
215 2769 275 2807 sic
295 2769 331 2807 is
351 2768 396 2807 D
508 2769 585 2815 156
611 2768 831 2820 otrisiique
847 2767 1017 2817 DKNQ
1125 2768 1300 2807 stabulis
1322 2769 1361 2820 (s
1377 2768 1430 2807 al.
1444 2770 1520 2816 m.)
1539 2768 1577 2817 Q
1691 2771 1768 2816 158

113 2822 364 2872 coniugialia
376 2821 564 2862 Ι)ΚΝΒι
589 2822 621 2869 (ἰ
633 2825 788 2873 punxit
806 2823 862 2875 B)
883 2836 891 2861 ε
920 2821 1155 2871 coniugalia
1173 2822 1254 2873 PQ
1383 2834 1459 2872 159
1488 2822 1684 2861 mactavit
1698 2822 1741 2860 P
1758 2838 1766 2861 :

115 2878 321 2928 mactabat
341 2877 432 2928 (sic)
455 2875 494 2927 Q
513 2890 522 2915 :
551 2877 750 2927 magtabit
770 2876 817 2916 N
830 2891 840 2917 t
867 2876 1105 2916 mactabere
1125 2876 1167 2915 A
1350 2879 1428 2932 ¹64
1455 2877 1709 2928 triumphum
1729 2876 1770 2915 P
