1884 3204
174 95 229 147 Ρ,
249 95 511 174 ῬΑΡΙΝΙ
547 96 755 147 STATI

170 241 314 284 anne'
336 236 479 285 'sedes
514 235 679 285 hilaris
714 235 858 286 iuxta*
883 245 969 286 tua
1002 237 1421 289 numina'Parcas

170 324 220 364 et
255 315 362 365 vice
397 316 637 365 concordi
673 316 822 366 discis
859 326 1064 367 ventura
1099 321 1388 383 docesque?

170 412 234 443 an
270 395 361 444 tibi
396 395 551 445 felicis
588 398 736 446 lucos·
765 396 1024 447 miseratus
1059 399 1246 448 Averni

171 485 331 525 rector
365 486 414 526 et
451 476 642 540 Elysias
677 477 1097 529 dedit'inservare
1131 482 1392 530 volucres?

171 556 417 620 quidquid
451 575 518 618 eS,
555 567 784 608 aeternus
821 560 1029 610 Phoebo
1065 562 1209 610 dolor
1243 570 1292 610 et
1327 577 1458 611 nova
1492 561 1660 612 clades
1701 564 1703 567 ’
1754 570 1806 621 xj

171 653 366 701 semper
401 638 493 688 eris
529 639 780 704 mutisque
815 641 915 691 diuv
936 642 1194 708 plorabere
1231 642 1455 706 Delphis.

171 717 253 767 hic
287 721 534 769 Tenedon
570 721 895 786 Chrysenque
931 722 1037 772 dies
1071 731 1316 787 partuque
1351 723 1549 787 ligatam

171 800 339 848 Delon
380 809 429 849 et
464 800 649 849 intonsi
686 804 884 851 claudet
919 803 1189 866 penetralia
1225 804 1458 864 Branchi,

171 896 264 929 nec
301 880 487 930 Clarias
523 883 618 930 hac
652 884 764 931 luce
798 882 917 931 foris
954 883 1333 948 Didymaeaque
1369 884 1637 948 quisquam
1818 935 1824 952 ζ

169 959 341 1009 limina
376 978 468 1010 nec
506 961 709 1024 Lyciam
745 965 953 1027 supplex
988 966 1242 1013 consultor
1275 964 1448 1014 adibit.
1759 986 1814 1017 οη,

169 1041 291 1105 quin
327 1050 376 1091 et
412 1041 651 1106 cornigeri
686 1042 810 1093 vatis
846 1060 1023 1094 nemus
1057 1053 1208 1109 atque
1246 1045 1458 1096 Molossi

171 1139 381 1185 quercus
415 1125 595 1173 anhela
631 1123 764 1173 Iovis
799 1124 1122 1189 Troianaque·
1150 1127 1405 1189 Thymbra
1439 1124 1636 1177 tacebit.

170 1202 264 1266 ipsi
298 1220 484 1264 amnes,
523 1203 660 1267 ipsae
695 1206 882 1254 malent
916 1222 1137 1256 arescere
1172 1209 1356 1269 laurus,

170 1283 276 1348 ipse
310 1283 434 1332 nihil
468 1294 658 1334 certum
694 1285 821 1349 sagis
857 1287 1171 1351 clangoribus
1206 1289 1376 1337 aether
1424 1297 1436 1309 '

170 1364 433 1429 praecinet,
472 1368 521 1415 et
555 1367 693 1415 nulla
726 1366 960 1417 ferientur
993 1369 1057 1418 ab
1093 1368 1208 1418 alite
1242 1370 1416 1419 nubes.
1763 1388 1814 1420 2·

170 1445 371 1510 iamque
406 1447 496 1496 erit
531 1447 613 1497 ille
648 1447 755 1497 dies
792 1465 893 1513 quo
929 1459 978 1500 te
1015 1467 1216 1514 quoque
1251 1450 1452 1500 conscia
1486 1450 1599 1500 fatis

171 1529 357 1591 templa
390 1529 556 1577 colant
591 1530 866 1594 reddatque
901 1539 1015 1580 tuus
1051 1547 1287 1594 responsa
1322 1533 1586 1582 sacerdos.'

171 1608 287 1657 talia
321 1608 525 1658 fatidico
561 1620 801 1674 peragunt
837 1611 1098 1661 sollemnia
1132 1612 1249 1676 regi,

171 1706 263 1739 ceu
299 1692 525 1739 flammas
558 1708 618 1740 ac
653 1693 788 1741 dona
822 1709 943 1756 rogo
977 1693 1226 1758 tristisque
1262 1696 1539 1759 rependant
1811 1742 1820 1752 ‚

171 1770 427 1834 exsequias
463 1771 701 1835 mollique
735 1772 953 1823 animam
989 1777 1161 1824 tellure
1196 1785 1452 1839 reponant.
1536 1830 1540 1833 ,
1763 1796 1784 1825 2
1822 1804 1828 1814 a

170 1853 323 1900 fracta
357 1852 540 1901 dehinc
575 1853 767 1903 cunctis
801 1871 1071 1920 aversaque
1106 1866 1307 1920 pectora
1341 1857 1488 1907 bello.

172 1931 241 1981 sic
277 1932 414 1981 fortis
452 1933 650 1997 Minyas
687 1934 853 1984 subito
889 1952 1006 1985 cum
1041 1938 1213 1986 funere
1248 1936 1439 2001 Tiphys

171 2013 410 2074 destituit,
446 2031 549 2063 non
585 2032 722 2064 arma
756 2016 910 2080 sequi,
949 2034 1053 2067 non
1088 2019 1211 2068 ferre
1245 2017 1440 2067 videtur

171 2111 335 2144 remus
370 2111 537 2158 aquas,
577 2095 774 2160 ipsique
810 2097 975 2147 minus
1011 2097 1110 2147 iam
1146 2100 1328 2148 ducere
1363 2098 1513 2148 venti.

171 2175 270 2223 iarn
306 2175 421 2225 fessi
455 2176 641 2240 gemitu
677 2178 913 2242 paulatim
952 2187 1000 2228 et
1036 2180 1188 2229 corda
1223 2179 1403 2228 levavit

172 2257 437 2305 exhaustus
474 2274 703 2307 sermone
739 2260 882 2308 dolor
916 2276 1116 2324 noxque
1151 2259 1322 2309 addita
1359 2276 1503 2309 curas

170 2337 337 2386 obruit
372 2346 421 2387 et
456 2338 611 2387 facilis
646 2338 859 2389 lacrimis
895 2339 1118 2405 inrepere
1148 2357 1367 2390 somnus.

231 2478 304 2517 191
334 2466 490 2507 hilares
509 2467 553 2506 P
725 2480 801 2519 195
830 2469 957 2520 phebi
977 2469 1022 2508 D
1144 2469 1206 2522 et]
1229 2482 1253 2508 e
1271 2469 1315 2508 P
1493 2481 1568 2521 197
1599 2467 1786 2509 tenodon
1835 2495 1839 2499 -

174 2520 432 2572 chrisenque
450 2521 560 2572 PQ·
586 2522 871 2574 chrysamque
890 2523 963 2563 B:
992 2524 1260 2574 cirrhamque
1279 2522 1404 2563 DNS
1579 2535 1660 2563 200
1686 2522 1789 2575 lyci
1810 2531 1833 2556 ιι·

173 2575 353 2625 supplex
380 2575 450 2616 P:
490 2577 676 2627 supplex
706 2577 859 2628 lyciam
893 2578 1021 2628 DNQ
1203 2590 1280 2617 201
1310 2578 1499 2618 molosso
1531 2576 1576 2616 P
1841 2605 1843 2610 -

172 2630 332 2680 thybra
351 2629 395 2668 P
512 2647 517 2653 ·
623 2644 702 2681 203
737 2632 853 2682 ipsae
888 2632 1046 2672 malent
1082 2631 1304 2684 Postgate:
1360 2633 1568 2683 ipsaeque
1604 2631 1700 2672 viae
1741 2630 1835 2671 malr

165 2682 263 2722 <lent
281 2683 347 2723 P:
386 2684 590 2736 ipsaeque
611 2685 756 2726 volent
775 2685 844 2725 ωδ
1031 2699 1112 2736 204
1141 2688 1277 2726 sacris
1294 2685 1359 2726 P:
1402 2688 1513 2726 sacis
1532 2685 1570 2726 S
1622 2713 1626 2716 »
1703 2685 1792 2725 alth
1832 2707 1834 2711 ν

175 2737 208 2788 (l
229 2744 361 2788 paene
387 2739 591 2792 exstzffnct)
613 2739 656 2778 P
841 2742 923 2780 206
952 2741 1048 2781 fatis
1066 2740 1132 2782 P:
1174 2741 1247 2780 fati
1275 2740 1369 2780 oeS·
1409 2741 1496 2781 fato
1514 2739 1636 2780 Bodl.
1663 2739 1765 2780 Can.
1789 2749 1844 2791 7-

173 2803 254 2840 207
285 2793 425 2832 colent
445 2793 538 2833 DN
657 2795 890 2844 reddetque
909 2794 954 2834 D
1135 2808 1213 2846 215
1245 2795 1347 2834 fessi
1371 2794 1434 2834 P:
1465 2795 1587 2835 fessis
1605 2793 1674 2837 ms
1836 2798 1839 2820 ³

173 2858 257 2885 om.
280 2846 350 2886 ωδ
455 2848 610 2889 levavit
628 2848 695 2888 P:
724 2848 889 2889 levabat
908 2848 978 2889 ωδ
1139 2852 1219 2889 216
1247 2862 1329 2900 que
1349 2862 1432 2891 om.
1453 2848 1498 2888 D
