1884 3204
133 41 187 88 P.
226 41 467 96 PAPINI
504 40 716 91 STATI

134 179 255 243 quid
291 180 382 230 tibi
417 191 638 230 monstra
674 181 839 242 Erebi,
878 183 1063 246 Scyllas
1091 184 1148 231 'et
1183 181 1342 231 inane
1365 181 1569 231 furentis

134 262 411 312 Centauros
447 262 710 326 solidoque
745 263 927 312 intorta
960 265 1226 312 adamante
1263 262 1533 327 Gigantum
1830 311 1831 314 ,

132 341 329 391 vincula
363 352 413 392 et
447 353 707 406 angustam
743 343 941 393 centeni
976 343 1257 408 Aegaeonis
1292 343 1586 392 umbram?'
1713 360 1796 409 535
1836 368 1838 370 ·

204 425 429 472 ‘Immo’
464 423 548 485 ait,
587 428 649 473 ‘o
684 434 880 474 nostrae
916 425 1135 488 regimen
1169 424 1395 487 viresque
1431 431 1674 482 senectae,

133 519 197 552 ne
232 506 429 567 vulgata
465 504 600 554 mihi.
675 505 801 568 Quis
837 505 971 554 enim
1006 505 1273 555 remeabile
1308 522 1480 554 saxum

135 585 451 648 fallentisque
487 587 623 635 lacus
659 585 946 650 Tityonque
979 586 1216 635 alimenta
1249 587 1506 635 volucrum

133 676 182 715 et
218 666 512 730 caligantem
547 667 707 730 longis
744 667 919 717 Ixiona
953 667 1080 731 gyris

134 747 362 797 nesciat?
409 748 515 811 ipse
550 748 715 809 etiam,
754 748 928 797 melior
963 766 1079 798 cum
1115 749 1328 812 sanguis,
1366 759 1566 813 opertas
1720 766 1801 810 540

134 827 325 892 inspexi
360 830 519 888 sedeS,
559 831 756 877 Hecate
790 831 1024 890 ducente,
1058 828 1346 892 priusquam

135 909 300 958 obruit
335 925 421 957 ora
456 910 580 957 deus
617 918 874 972 totamque
909 909 961 957 in
996 918 1199 972 pectora
1233 912 1396 959 lucem

135 989 328 1039 detulit.
399 989 655 1053 Argolicas
691 990 846 1054 magis
881 991 980 1039 huc
1015 993 1210 1054 appelle
1244 992 1495 1055 precando

134 1072 504 1134 Thebanasque
539 1070 764 1132 animas;
810 1070 928 1120 alias
964 1080 1181 1121 avertere
1215 1089 1409 1136 gressus

134 1154 262 1202 laete
297 1162 470 1215 quater
505 1169 696 1216 sparsas
733 1162 1024 1216 maestoque
1059 1154 1460 1217 excederequO,
1723 1175 1810 1218 545,

135 1243 264 1292 nata,
303 1233 420 1282 iube
437 1252 450 1295 3
498 1243 604 1282 tum
641 1233 728 1297 qui
764 1235 927 1283 vultus
963 1234 1276 1299 habitusque,
1315 1234 1426 1298 quis
1460 1235 1608 1284 ardor

137 1314 388 1379 sanguinis
423 1314 600 1375 adfusi,
637 1331 758 1378 gens
795 1324 904 1364 utra
938 1315 1197 1379 superbior
1230 1315 1372 1376 adsit,

137 1395 220 1445 dic
255 1397 469 1459 agedum
506 1405 828 1459 nostramque
865 1413 1014 1446 mone
1049 1413 1136 1461 per
1170 1396 1362 1461 singula
1396 1398 1629 1446 noctem.'

208 1479 351 1525 Iussa
386 1476 503 1526 facit
539 1493 839 1540 carmenque
875 1477 1004 1538 serit,
1043 1494 1144 1541 quo
1179 1477 1386 1541 dissipat
1420 1479 1635 1538 umbraS,

139 1575 240 1621 quo
275 1557 425 1608 reciet
461 1575 682 1621 sparsas;
729 1557 901 1621 qualis,
941 1558 982 1607 si
1017 1557 1223 1608 crimina
1258 1560 1446 1620 demas,
1724 1579 1808 1622 550

138 1637 342 1689 Colchis
378 1648 428 1688 et
463 1641 634 1688 Aeaeo
670 1638 942 1687 simulatrix
976 1638 1118 1689 litore
1155 1639 1313 1690 Circe.

139 1730 258 1768 tunc
292 1719 369 1768 his
405 1719 682 1768 sacrificum
718 1719 863 1769 dictis
898 1721 1066 1770 adfata
1099 1730 1386 1784 parentem:

137 1805 150 1826 ‘
170 1801 364 1850 Primus
400 1800 672 1864 sanguineo
709 1801 955 1850 submittit
989 1801 1164 1851 inertia
1200 1803 1423 1853 Cadmus

140 1900 226 1932 ora
261 1884 390 1943 lacu,
426 1881 659 1945 iuxtaque
695 1881 854 1930 virum
891 1882 1156 1945 Cythereia
1191 1885 1354 1947 proles

140 1963 427 2027 insequitur,
465 1963 794 2026 geminusque
830 1962 956 2012 bibit
991 1965 1055 2013 de
1090 1963 1272 2014 vertice
1307 1981 1523 2029 serpenS.
1728 1982 1810 2028 555

141 2044 410 2109 terrigenae
446 2043 654 2093 comites
690 2043 818 2106 illos,
852 2061 973 2108 gens
1011 2044 1205 2106 Martia,
1243 2045 1460 2110 cingunt,
1512 2082 1514 2084 -

141 2126 251 2190 quis
287 2124 394 2175 aevi
431 2141 662 2174 mensura
697 2124 818 2186 dies,
857 2142 1034 2175 manus
1070 2126 1239 2176 omnis*
1268 2126 1320 2175 in
1355 2127 1515 2186 armis,

141 2207 304 2256 omnis
341 2216 390 2256 et
426 2206 477 2255 in
513 2208 692 2272 capulo
710 2225 724 2268 3
770 2207 1038 2272 prohibent
1072 2208 1373 2272 obstantque
1408 2218 1657 2272 ruuntque

194 2350 274 2388 533
302 2337 459 2377 furenti
480 2336 523 2375 P
656 2349 737 2388 534
766 2338 990 2378 adamanta
1008 2338 1051 2377 P
1176 2341 1258 2388 536
1287 2339 1401 2389 agito
1419 2338 1466 2378 N
1590 2351 1669 2390 537
1701 2339 1823 2379 mihi.

142 2393 239 2431 veni
259 2392 303 2431 Ρ.
462 2404 545 2442 540
573 2392 734 2431 inesset
763 2393 983 2444 (suprascr.
1011 2395 1232 2443 †0pertas)
1264 2393 1336 2433 D:
1378 2407 1435 2432 an
1463 2393 1624 2433 inertes
1651 2393 1806 2435 voluit?
1836 2414 1839 2416 *

142 2449 224 2496 546
253 2453 298 2486 tu
318 2445 363 2486 D
527 2447 608 2496 548
637 2459 759 2486 move
787 2447 830 2499 Β
993 2459 1074 2497 549
1102 2447 1280 2498 dissipat
1297 2447 1384 2486 ΡΝ
1397 2462 1406 2487 :
1436 2448 1614 2498 dissipet
1636 2447 1805 2499 BDQA

143 2501 250 2553 S[K
262 2501 306 2553 Π·
331 2504 373 2550 (a
392 2507 598 2551 suprascr.
620 2500 714 2553 QS)
892 2513 975 2551 550
1004 2502 1133 2540 reciet
1165 2501 1270 2553 QP:
1298 2503 1411 2553 regit
1439 2508 1482 2541 et
1510 2501 1658 2542 BNS:
1687 2508 1808 2552 regat
1858 2522 1860 2526 ·

144 2563 188 2595 et
207 2555 295 2595 DA
379 2555 523 2594 demat
540 2556 582 2594 P
688 2567 765 2606 551
788 2561 841 2595 -et
859 2555 1030 2609 Aeaeo]
1052 2562 1206 2595 etnaeo
1221 2555 1264 2594 P
1279 2571 1288 2596 :
1316 2562 1359 2596 et
1378 2570 1459 2596 eoo
1477 2557 1546 2597 N:
1577 2563 1621 2596 et
1640 2557 1778 2598 evoA
1795 2570 1810 2600 ε

144 2624 249 2649 eaeo
269 2609 332 2649 S:
362 2622 469 2648 aeeo
501 2612 535 2661 (t
565 2614 660 2660 sup.
692 2623 744 2649 ee
774 2609 892 2660 add.)
925 2610 964 2660 Q
1182 2622 1264 2660 555
1293 2611 1529 2661 insequitur
1564 2611 1809 2661 gemin'que
1854 2651 1855 2654 ,

136 2665 247 2703 bibit
275 2664 343 2703 P:
372 2664 505 2702 effluit
532 2667 752 2703 amborum
785 2665 980 2714 geminus
999 2669 1072 2704 cett
1141 2664 1254 2704 Olim
1284 2665 1536 2716 temptabam
1566 2665 1811 2717 Insequitur
1856 2715 1857 2718 Ἰ

145 2720 386 2769 geminusq.
414 2719 518 2757 bibit
538 2718 619 2771 (de
649 2718 848 2772 flumine)
867 2732 1048 2770 serpens
1069 2733 1079 2758 t
1124 2719 1267 2759 Effluit
1284 2721 1502 2759 amborum
1519 2719 1734 2774 (calidus)
1753 2720 1809 2763 de

143 2773 302 2812 vertice
326 2773 510 2821 sanguis,
530 2773 605 2812 sed
619 2774 706 2812 vide
724 2773 862 2824 Praefl
874 2780 915 2824 p.
935 2775 981 2814 vi
1085 2786 1164 2824 557
1194 2774 1288 2824 quis
1307 2773 1375 2825 L.,
1397 2774 1546 2814 Nauke
1565 2787 1575 2814 ι
1608 2774 1676 2814 his
1692 2773 1806 2814 codd.

94 2878 97 2883 .
146 2839 344 2868 mansura
362 2827 446 2879 ΝΩ
467 2829 525 2879 (e.
545 2834 637 2880 sup.
658 2828 683 2868 l.
705 2828 757 2868 al.
781 2842 838 2867 m.
863 2828 920 2879 Q)
