1884 3204
139 64 191 110 P.
232 64 474 117 PAP1N1
504 65 718 115 'STATI

138 202 365 276 imminet
399 203 578 266 Argiae
612 212 853 268 raptoque
888 206 1125 255 excellere
1160 208 1310 255 cultu.
1720 225 1797 270 195
1850 211 1861 265 ἦ

139 284 220 332 illa
254 284 415 333 libens
452 283 589 349 (nam
625 302 796 349 regum
830 285 1024 335 animos
1059 295 1109 336 et
1143 288 1366 350 pondera
1401 286 1518 335 belli

138 368 232 414 hac
267 374 441 414 nutare
475 365 624 426 videt,
661 365 840 429 pariter
874 366 915 415 si
948 367 1183 430 providus
1219 369 1364 416 heros

139 445 335 510 militet)
370 445 478 509 ipsa
511 463 675 495 sacros
709 447 896 510 gremio
932 448 1179 511 Polynicis
1213 448 1365 496 amati

139 535 337 576 exuerat
371 528 532 576 cultus
567 528 703 576 haud
740 537 928 577 maesta
960 537 1112 592 atque
1147 528 1349 592 insuper
1382 528 1553 578 addit:
1862 593 1866 595 λ

143 609 288 656 ‘Non
322 608 447 656 haec
481 616 597 671 apta
632 607 754 657 mihi
789 608 958 658 nitidis
994 609 1275 658 ornatibus'
1311 609 1472 672 inquit
1723 629 1822 661 που,
1860 609 1869 639 ·’

140 692 392 752 ‘tempora
426 705 519 739 nec
554 688 761 741 miserae
795 676 1024 753 placeant
1059 689 1269 754 insignia
1304 691 1491 739 formae
1867 685 1870 687 Α

138 779 186 818 te
222 769 357 818 sine:
400 778 474 817 sat
509 769 718 818 dubium
755 779 902 821 coetu
939 772 1130 820 solante
1166 771 1395 821 timorem

136 852 302 899 fallere
338 859 387 899 et
421 849 635 898 incultos
671 849 765 898 aris
799 851 1056 900 advertere
1091 851 1252 900 crinis.

136 930 323 979 scilicet
358 928 640 994 (infandum
665 928 696 995 !)
732 946 847 979 cum
883 939 937 978 tu
973 933 1204 980 claudare
1240 931 1447 981 minanti

138 1010 328 1059 casside
362 1012 668 1073 ferratusque
703 1027 864 1071 sones,
903 1027 995 1074 ego
1031 1011 1195 1060 divitis
1230 1029 1406 1060 aurum
1719 1033 1800 1074 205

138 1090 445 1140 Harmoniae
480 1092 648 1139 dotale
681 1093 884 1154 geram?
936 1091 1075 1141 dabit
1108 1092 1269 1156 aptior
1302 1092 1396 1142 ista

135 1174 233 1221 fors
269 1174 406 1231 deus,
444 1171 800 1236 Argolicasque
834 1173 1008 1223 habitu
1043 1175 1304 1237 praestabo
1340 1174 1551 1234 maritas,

137 1270 252 1302 cum
288 1253 413 1317 regis
449 1252 678 1313 coniunx,
718 1270 834 1303 cum
869 1263 918 1303 te
955 1254 1077 1303 mihi
1112 1254 1296 1318 sospite
1331 1258 1517 1319 templa

133 1334 310 1384 votivis
345 1335 600 1398 implenda
633 1334 830 1396 choris;
876 1352 1011 1385 nunc
1045 1335 1219 1385 induat
1255 1336 1338 1386 illa

135 1433 264 1480 quae
299 1416 422 1480 petit
457 1425 506 1465 et
541 1417 758 1467 bellante
792 1426 957 1480 potest
990 1418 1205 1480 gaudere
1241 1417 1447 1468 marito.²
1719 1437 1802 1468 210

135 1497 206 1546 sic
243 1498 565 1561 Eriphylaeos
600 1514 775 1547 aurum
810 1499 956 1547 fatale
987 1498 1180 1562 penatis

134 1578 318 1643 inrupit
353 1580 695 1642 scelerumque
729 1578 947 1642 ingentia
983 1579 1173 1629 semina
1209 1579 1378 1639 movit,

135 1669 183 1709 et
218 1677 363 1724 grave
398 1659 674 1728 Tisiphone
709 1658 813 1709 risit
847 1659 1014 1723 gavisa
1047 1659 1237 1709 futuris.

202 1739 456 1790 Taenariis
492 1739 574 1790 hic
609 1742 769 1790 celsus
806 1740 960 1806 equiS‚
999 1757 1149 1804 quam
1186 1740 1381 1804 dispare
1416 1749 1563 1791 coetu

136 1823 359 1885 Cyllarus
394 1820 564 1884 ignaro
598 1830 853 1884 generarat
889 1822 1095 1872 Castore
1129 1823 1334 1885 prolem,
1719 1839 1798 1882 215
1852 1851 1864 1891 j?

136 1911 336 1966 quassat
370 1904 612 1962 humum3
658 1911 822 1951 vatem
858 1904 995 1951 cultu
1033 1903 1265 1952 Parnasia
1300 1912 1578 1952 monstrant
1875 1889 1879 1903 Ι

134 1985 343 2033 vellera:
391 1982 643 2032 frondenti
679 1982 881 2032 crinitur
916 1983 1066 2033 cassis
1102 1983 1233 2033 oliva

134 2065 347 2127 albaque
382 2063 618 2127 puniceas
654 2063 931 2127 interplicat
967 2064 1121 2113 infula
1155 2064 1339 2114 cristas.

133 2163 269 2194 arma
305 2145 452 2194 simul
486 2161 780 2209 pressasque
815 2145 931 2209 iugo
969 2147 1253 2195 moderatur
1287 2146 1521 2196 habenas.

134 2228 251 2276 hinc
286 2236 437 2290 atque
472 2226 590 2276 inde
627 2244 794 2276 morae
830 2226 1001 2276 iaculis
1038 2236 1087 2276 et
1122 2229 1277 2276 ferrea
1312 2244 1456 2276 curru
1719 2247 1800 2276 220
1858 2231 1859 2235 ’

135 2308 256 2358 silva
290 2307 489 2368 tremit,·
535 2310 708 2371 procul
744 2308 850 2372 ipse
885 2308 1018 2372 gravi
1054 2310 1351 2358 metuendus
1387 2308 1439 2357 in
1475 2310 1616 2358 hasta
1867 2297 1870 2300 Δ

135 2390 321 2439 eminet
355 2398 404 2438 et
439 2389 601 2453 clipeo
637 2389 820 2438 victum
860 2391 1087 2452 Pythona
1122 2399 1360 2439 coruscat.

191 2526 266 2564 197
296 2513 352 2561 εἴ]
385 2513 428 2551 ni
456 2512 529 2551 D:
566 2512 649 2551 nisi
681 2512 720 2563 Q
750 2526 884 2564 marg.
915 2511 971 2563 (si
994 2517 1120 2561 paene
1151 2510 1282 2561 delet.)
1521 2523 1598 2561 199
1626 2517 1803 2552 exuerat

134 2568 273 2608 cultus
290 2567 374 2606 PD
400 2568 626 2619 (suprascr.
651 2567 848 2617 deposuit
877 2578 1014 2605 nexus
1033 2565 1120 2605 ead.
1141 2580 1201 2606 m.
1220 2565 1281 2614 D)
1304 2579 1314 2604 ε
1354 2565 1550 2615 deposuit
1580 2579 1716 2606 nexus
1735 2566 1805 2607 ωδ
1861 2578 1863 2580 ·

135 2635 217 2662 202
247 2621 393 2673 coetu]
428 2621 764 2660 ‘matronarum’
788 2621 908 2661 schol.
942 2620 1014 2659 D:
1053 2621 1220 2659 calatho
1243 2618 1419 2670 Lipsius
1621 2633 1701 2670 203
1729 2622 1800 2661 ad·
1860 2628 1868 2663 f

134 2690 305 2716 verrere
337 2676 507 2726 Eutych.
547 2675 783 2714 Gronovius
800 2690 810 2714 ς
847 2675 1074 2726 afverrere
1109 2679 1123 2724 (
1132 2675 1224 2725 fuit
1256 2674 1348 2724 ad-)
1384 2674 1431 2712 N
1453 2687 1463 2713 ι
1506 2674 1704 2714 averrere
1733 2675 1776 2714 P
1792 2689 1802 2714 :
1854 2723 1857 2726 Ι

133 2744 282 2770 averre
304 2731 366 2782 (te
381 2737 472 2781 sup.
489 2743 537 2769 er
555 2735 648 2774 scr.)
669 2729 714 2768 D
731 2743 740 2768 :
768 2730 994 2769 advertere
1009 2735 1090 2769 cett.
1236 2741 1316 2777 204
1335 2729 1553 2769 infandum
1568 2728 1631 2769 P:
1662 2728 1798 2768 infan-
1852 2755 1855 2758 -

135 2787 233 2824 dum
254 2791 320 2824 est
336 2786 393 2823 A¹
418 2799 427 2823 :
461 2785 545 2823 heu
561 2783 789 2835 superinos
806 2785 931 2835 (heus
951 2783 1007 2833 S)
1187 2782 1384 2822 claudare
1399 2782 1475 2833 QS
1483 2782 1497 2803 ²
1514 2787 1553 2821 et
1570 2783 1612 2822 in
1628 2796 1710 2823 νας.
1725 2783 1771 2823 D
1789 2798 1799 2823 :

135 2840 305 2879 eludare
324 2839 445 2878 KBS
454 2839 463 2858 ¹
481 2854 490 2878 ε
522 2839 721 2878 claudere
734 2837 883 2877 ΡΝΒι
901 2839 950 2891 (2)
1065 2837 1241 2878 minanti
1260 2837 1325 2877 P:
1353 2837 1507 2877 minaci
1522 2841 1603 2877 cett.
1720 2850 1801 2890 219
1856 2870 1858 2872 v

134 2906 399 2946 prensasque
419 2892 552 2945 DQN
1787 2907 1789 2909 ¹
1855 2906 1857 2910 ⁴
