1884 3204
215 107 267 154 P.
307 105 550 154 ΡΑΡΙΝΙ
586 105 791 154 STATI

214 244 295 294 cui
329 261 562 309 superum
596 251 766 292 nostro
801 242 1110 293 committere
1144 243 1382 307 sanguine
1415 260 1605 308 pugnas

215 328 398 376 dulce?
444 326 554 389 quis
590 327 688 373 hoc
722 323 870 373 armis
905 324 1040 374 vovit
1076 327 1277 375 scelus?
1323 335 1373 374 at
1408 335 1493 375 tua
1528 327 1772 388 nondum,

215 409 420 467 Cadme,
459 408 652 465 domus,
691 407 854 454 nullus
890 403 1040 469 Tyrio
1075 423 1219 470 grege
1254 406 1501 470 plangitur
1534 405 1708 455 infans.
1797 427 1884 469 145¹·

212 488 449 552 primitias
485 496 682 550 egomet
716 486 1025 535 lacrimarum
1062 497 1110 535 et
1146 487 1312 535 caedis
1346 487 1554 536 acerbae

211 578 326 618 ante
362 569 505 617 tubas
541 569 822 631 ferrumque
857 566 960 627 tuli,
999 569 1120 616 dum
1157 567 1330 616 deside
1365 584 1482 616 cura

210 651 360 699 credo
397 649 531 698 sinus
568 650 696 698 fidos
731 647 911 697 altricis
948 657 997 696 et
1032 649 1185 697 ubera
1220 649 1420 697 mando.

212 730 386 794 quidni
422 732 550 794 ego?
596 729 823 778 narrabat
858 722 1103 777 servatum
1138 730 1311 778 fraude
1345 737 1601 792 parentem

210 811 520 874 insontisque
555 826 746 859 manus.
819 812 911 857 en!
960 825 1110 871 quam
1147 811 1295 859 ferale
1331 819 1562 873 putemus
1794 832 1874 874 150

208 893 458 942 abiurasse
493 907 686 939 sacrum
721 898 770 938 et
806 888 985 937 Lemni
1017 889 1283 952 gentilibus
1318 907 1469 939 unam

208 974 484 1022 immunem
520 970 686 1020 furiis!
734 971 857 1018 haec
892 968 975 1017 illa
1010 979 1097 1029 est,
1135 970 1347 1031 creditis,
1384 974 1539 1020 ausa?

207 1057 332 1103 haec
368 1053 552 1116 pietate
586 1052 803 1115 potens?
850 1049 966 1098 solis
1002 1050 1183 1099 abiecit
1218 1050 1270 1099 in
1304 1051 1430 1100 arvis

208 1152 310 1184 non
347 1150 513 1197 regem
550 1131 925 1194 dominumque,
964 1130 1152 1180 alienos
1187 1131 1340 1196 impia
1374 1142 1560 1196 partus,

208 1219 305 1265 hoc
341 1224 551 1276 tantum,
587 1213 837 1276 silvaeque
871 1211 1068 1261 infamis
1105 1213 1298 1262 tramite
1333 1213 1488 1277 liquit,
1793 1234 1874 1277 155-

208 1315 357 1362 quem
394 1314 495 1345 non
531 1294 704 1359 anguis
738 1305 876 1344 atrox
901 1293 1045 1361 (quid
1080 1294 1213 1345 enim
1247 1297 1341 1344 hac
1377 1312 1515 1359 opus,
1544 1295 1590 1345 ei
1626 1296 1760 1358 mihi,
1787 1297 1873 1347 leti

208 1381 340 1429 mole
375 1378 466 1426 fuit
484 1377 540 1442 ?)‚
580 1386 773 1425 tantum
810 1378 934 1427 caeli
968 1376 1230 1426 violentior
1264 1393 1382 1425 aura

206 1461 547 1525 impulsaeque
584 1460 722 1508 Noto
757 1460 957 1509 frondes
994 1474 1262 1521 eassusque
1296 1460 1478 1508 valeret

206 1541 484 1591 exanimare
519 1539 679 1589 timor.
750 1557 845 1589 nec
880 1557 967 1589 vos
1004 1539 1248 1588 incessere
1283 1540 1420 1588 luctu

206 1623 326 1673 orba
362 1639 501 1683 aveo,
537 1623 689 1670 fixum
726 1621 867 1670 matri
902 1621 1267 1683 immotumque
1303 1620 1538 1670 manebat
1794 1631 1871 1670 160

205 1706 299 1754 hac
333 1703 501 1753 altrice
537 1704 704 1763 nefas;
750 1702 923 1766 atquin
959 1711 1008 1752 et
1043 1702 1257 1750 blandus
1292 1703 1358 1750 ad
1392 1701 1540 1762 illam,

205 1796 333 1846 nate,
372 1784 541 1848 magis,
580 1786 735 1833 solam
774 1801 921 1834 nosse
955 1793 1105 1847 atque
1140 1783 1311 1833 audire
1346 1792 1628 1845 vocantem,
1710 1830 1714 1832 .

204 1868 500 1932 ignarusque
537 1864 663 1914 mei:
713 1866 847 1913 nulla
882 1882 941 1913 ex
975 1874 1024 1913 te
1059 1864 1239 1927 gaudia
1275 1863 1429 1912 matri.

203 1949 287 1998 illa
321 1958 433 1996 tuos
470 1954 672 2010 questus
708 1945 1095 2009 lacrimososque
1131 1944 1284 2008 impia
1319 1944 1442 1994 risus
1876 2005 1879 2009 ⁴

203 2028 359 2079 audiit
395 2037 443 2077 et
478 2026 613 2076 vocis
650 2027 897 2089 decerpsit
934 2042 1187 2074 murmura
1220 2027 1421 2089 primae.
1792 2035 1869 2088 165

202 2112 285 2160 illa
320 2109 411 2159 tibi
446 2107 665 2172 genetrix
700 2124 895 2170 semper
930 2108 1051 2156 dum
1087 2105 1186 2154 vita
1221 2107 1468 2168 manebat,
1511 2158 1513 2160 ,

204 2208 336 2241 nunc
373 2206 479 2253 eg0.
553 2189 641 2237 sed
677 2187 884 2236 miserae
920 2186 1042 2237 mihi
1077 2203 1171 2236 nec
1205 2186 1380 2250 punire
1414 2196 1633 2251 potestas

204 2274 274 2324 sic
309 2270 565 2321 meritam!
613 2268 735 2332 quid
770 2269 916 2328 dona,
957 2269 1122 2328 duces,
1162 2267 1285 2331 quid
1319 2267 1486 2316 inania
1519 2268 1653 2318 fertis

202 2357 331 2405 iusta
365 2351 531 2416 rogis?
578 2350 712 2399 illam
751 2348 842 2415 (nil
878 2359 1091 2413 poscunt
1125 2349 1337 2413 amplius
1373 2350 1613 2416 umbrae),

201 2438 350 2495 illam,
389 2450 489 2493 oro,
529 2431 680 2481 cineri
716 2431 863 2479 simul
899 2430 1190 2494 excisaeque
1225 2430 1416 2494 parenti
1790 2448 1868 2493 170

202 2516 408 2575 reddite,
448 2529 652 2577 quaeso,
687 2514 857 2573 duceS,
893 2529 980 2576 per
1015 2528 1107 2575 ego
1143 2512 1266 2561 haec
1303 2511 1571 2575 primordia
1605 2511 1736 2573 belli,

261 2659 338 2697 149
367 2649 509 2683 narret
528 2642 575 2680 N
591 2640 709 2691 (corr.
735 2641 790 2681 al.
813 2642 888 2690 m.)
1053 2651 1124 2690 151
1158 2641 1211 2679 de
1238 2640 1437 2690 gentibus
1457 2640 1506 2679 N
1656 2653 1734 2692 152
1762 2642 1867 2683 haec

200 2703 272 2742 ina
293 2706 359 2740 est
379 2698 446 2738 Ll.
468 2712 478 2736 :
507 2696 579 2735 illa
599 2701 641 2734 et
659 2695 766 2735 PwS
872 2707 974 2733 ausa
993 2693 1044 2734 L.
1066 2708 1076 2733 ε
1104 2707 1233 2733 ausae
1252 2694 1361 2734 Paes
1384 2697 1606 2747 (suprascr.
1619 2709 1725 2738 ausa
1746 2703 1770 2735 ἐ
1791 2696 1862 2748 Q),

201 2754 428 2796 secundum
458 2751 722 2790 Lemairium
751 2749 993 2799 interpunxi
1191 2761 1266 2798 154
1297 2749 1594 2799 dominumque
1626 2749 1692 2789 P:
1734 2750 1866 2789 domi-

201 2822 355 2850 numve
375 2806 440 2845 oeS
572 2806 650 2843 160
677 2817 782 2843 aveo
803 2803 984 2851 Mueller,
1002 2802 1105 2842 Ellis
1123 2817 1133 2841 ε
1176 2804 1282 2842 abeo
1305 2804 1351 2854 (h
1371 2804 1495 2855 eras.)
1515 2804 1558 2842 P
1574 2819 1583 2843 :
1612 2804 1719 2843 abeo
1739 2804 1780 2843 Β
1794 2811 1861 2855 pr.

203 2879 260 2904 m.
286 2878 295 2902 ε
334 2862 469 2900 habeo
490 2860 530 2898 Β
550 2859 641 2909 (sec.
671 2860 750 2911 m.)
780 2857 866 2908 QN
986 2859 1059 2895 161
1092 2858 1144 2896 ad
1173 2858 1286 2896 illam
1308 2857 1417 2897 PN:
1452 2864 1496 2897 et
1515 2858 1625 2897 illam
1657 2858 1866 2909 BDKQS

205 2921 278 2966 167
310 2930 393 2955 non
414 2927 497 2966 ego
515 2914 557 2952 A
674 2973 677 2977 Α
743 2914 819 2962 169
839 2912 961 2951 busta
979 2924 1050 2952 sec.
1073 2924 1130 2951 m.
1154 2911 1206 2961 Β,
1229 2925 1303 2952 see.
1323 2925 1380 2953 m.
1403 2912 1444 2963 Q
1568 2912 1679 2951 illam
1699 2926 1781 2953 om.
1805 2912 1859 2962 N,

201 2971 297 3012 add.
320 2974 375 3013 al.
399 2983 455 3008 m.
