1884 3204
61 0 94 254 s

127 85 184 133 P.
221 85 478 158 PAPINI·
500 86 706 135 STATI

128 231 178 272 et
213 225 352 274 sulco
387 227 610 274 Peteona
642 226 851 276 domant
883 229 1193 293 refluumque
1228 237 1394 280 meatu

133 302 390 368 Euripum,
428 322 527 368 qua
562 315 741 366 noster,
781 308 980 369 habent,
1020 318 1168 373 teque
1203 309 1378 359 ultima
1411 317 1569 358 tractu

129 387 418 452 Anthedon,
457 386 544 436 ubi
577 387 831 451 gramineo
867 391 931 440 de
965 391 1107 441 litore
1144 393 1364 462 Glaucus
1718 407 1803 458 3,,’,5Ἰ

130 463 383 531 poscentis
422 467 606 532 inrupit
641 487 809 533 aquas,
849 471 949 521 iam
987 472 1122 523 crine
1156 473 1395 537 genisque
1803 470 1809 486 ³

130 550 368 608 caeruIUS,
407 558 456 599 et
492 549 670 600 mixtos
706 552 900 616 expavit
923 554 988 603 ab
1023 553 1225 618 inguine
1260 553 1421 618 piscis.

130 630 394 694 glandibus
430 640 479 680 et
515 640 643 681 torta
678 634 931 697 Zephyros
966 634 1186 685 incidere
1221 636 1377 684 sunda

130 728 279 761 cura:
328 713 592 775 Cydoneas
627 713 889 763 anteibunt
922 732 1070 779 gaesa
1104 715 1319 780 sagittas.
1810 780 1812 782 Υ

130 804 184 842 tu
220 809 422 856 quoque
457 795 763 856 praeclarum
799 797 970 855 forma,
1012 796 1242 860 Cephise,
1282 796 1504 847 dedisses
1720 817 1803 860 340

132 873 436 934 Narcissum,
475 875 564 923 sed
600 874 890 937 Thespiacis
925 875 1024 925 iam
1059 878 1209 940 pallet
1244 877 1295 925 in
1330 877 1456 941 agris

131 964 240 1003 trux
275 971 431 1018 puer‚·
477 954 650 1003 orbata
685 956 871 1015 florem,
911 965 1061 1019 pater,
1099 956 1262 1006 adluis
1296 960 1445 1007 unda.

133 1035 243 1098 quis
279 1034 370 1084 tibi
406 1036 667 1085 Phoebeas
703 1035 834 1085 acies
870 1046 1188 1101 veteremque
1224 1040 1442 1088 revolvat

130 1116 391 1166 Phocida?
461 1115 547 1180 qui
584 1119 836 1181 Panopen,
876 1117 962 1182 qui
999 1118 1228 1179 Daulida,
1268 1119 1354 1183 qui
1390 1120 1702 1185 Cyparisson,
1818 1154 1823 1182 .·

131 1208 181 1249 et
215 1200 380 1258 valleS,
419 1198 667 1258 Lebadea,
707 1208 815 1248 tuas
852 1208 902 1248 et
939 1199 1248 1263 Hyampolin
1283 1200 1382 1250 acri
1720 1221 1802 1266 345

132 1279 395 1330 subnixam
432 1281 653 1342 scopulo,
691 1282 769 1330 vel
806 1279 892 1344 qui
928 1283 1181 1331 Parnason
1217 1290 1483 1346 utrumque

132 1371 217 1411 aut
254 1361 479 1412 Cirrham
517 1360 666 1410 tauris
702 1361 1127 1426 Anemoriamque
1163 1362 1396 1426 supinant

134 1442 502 1507 Coryciumque
520 1457 728 1504 nemus,
766 1444 1228 1507 propellentemque
1265 1444 1484 1494 Lilaeam

134 1523 339 1588 Cephisi
373 1523 575 1587 glaciale
611 1533 772 1588 caput,
813 1541 914 1588 quo
951 1534 1119 1574 suetus
1155 1526 1386 1574 anhelam

131 1605 255 1654 ferre
292 1604 423 1653 sitim
461 1607 657 1668 Python
692 1623 994 1670 amnemque
1029 1615 1248 1656 avertere
1282 1610 1481 1671 ponto?
1723 1627 1804 1669 350
1826 1650 1832 1661 .,

133 1684 366 1735 omnibus
401 1685 649 1735 immixtas
685 1703 815 1736 cono
852 1704 998 1751 super
1033 1687 1199 1751 aspice
1234 1689 1399 1737 laurus
1830 1687 1832 1691 ’

131 1784 368 1830 armaque
403 1769 480 1816 vel
516 1767 701 1831 Tityon
737 1770 814 1817 vel
853 1770 1020 1818 Delon
1055 1768 1303 1828 habentia,
1342 1771 1419 1819 vel
1456 1786 1578 1834 quas

133 1848 215 1898 hic
251 1849 374 1898 deus
410 1847 671 1898 innumera
704 1848 883 1897 laxavit
918 1851 1073 1899 caede
1108 1851 1374 1914 pharetras.

136 1929 331 1994 Iphitus
367 1946 509 1994 asper
544 1929 657 1994 agit,
695 1929 888 1994 genitor
923 1929 1003 1979 cui
1039 1947 1197 1994 nuper
1231 1932 1495 1995 ademptus

134 2012 398 2061 Naubolus
434 2010 754 2075 Hippasides,
793 2020 922 2072 tuus,
960 2028 991 2060 o
1027 2010 1284 2061 mitissime
1320 2011 1424 2074 Lai,
1721 2029 1829 2076 355¹

134 2096 316 2158 hospes
335 2112 348 2155 ;
392 2095 558 2142 adhuc
594 2110 763 2143 currus
799 2110 1071 2157 securaque
1106 2095 1211 2143 lora
1245 2095 1493 2155 tenebam,
1539 2110 1543 2115 ·

135 2192 251 2224 cum
287 2185 372 2224 tua
407 2175 576 2224 subter
611 2192 767 2239 equos
804 2175 954 2225 iacuit
990 2177 1228 2225 convulsa
1264 2175 1479 2226 cruentis

133 2256 332 2318 ictibus,
368 2274 399 2307 o
435 2256 624 2306 utinam
661 2265 831 2307 nostro
867 2274 983 2306 curn
1019 2256 1272 2321 sanguine,
1310 2257 1528 2307 cervixl'
1562 2315 1566 2319 ⁴

190 2399 270 2436 333
290 2387 557 2436 ressuuntque
576 2385 620 2424 P
696 2398 776 2435 334
796 2399 879 2435 qua
899 2391 1047 2425 noster
1068 2387 1290 2438 (suprascr.
1306 2387 1359 2425 al.
1381 2401 1437 2427 m.
1453 2392 1462 2408 ⁵
1479 2400 1504 2426 o
1524 2387 1676 2437 glauce
1689 2387 1720 2442 ')
1740 2387 1803 2429 P:

135 2453 262 2491 quem
283 2447 432 2481 noster
450 2441 492 2479 A
660 2440 820 2480 habent
839 2440 905 2480 P:
933 2441 1063 2480 habet
1082 2441 1123 2478 A
1146 2440 1210 2481 Ll.
1234 2455 1243 2480 ε
1277 2441 1363 2480 abit
1382 2441 1451 2481 ωδ
1477 2443 1701 2494 (suprascr.
1722 2455 1804 2494 qua
1823 2454 1828 2458 ⁴

137 2509 191 2534 nr
210 2495 256 2534 ht
277 2496 544 2547 recentiori(3)
567 2508 700 2534 manu
721 2495 780 2547 D)
904 2508 1045 2545 neque
1066 2495 1210 2535 ultima
1229 2496 1284 2535 N
1439 2498 1521 2547 336
1549 2497 1749 2549 inrumpit
1766 2497 1811 2537 P

137 2561 217 2600 337
248 2550 470 2589 caeruleus
490 2550 647 2589 mixtos
667 2548 715 2587 N
834 2549 990 2600 pristes
1014 2549 1246 2590 Gronovius
1411 2551 1493 2601 338
1520 2551 1718 2591 incedere
1737 2551 1780 2591 P
1794 2567 1805 2592 t
1839 2566 1843 2571 ·

134 2606 367 2645 incendere
381 2604 575 2656 Postgate
675 2617 756 2654 339
775 2617 823 2643 ce
825 2604 850 2656 s
854 2617 900 2643 sa
917 2603 993 2644 PS
1089 2617 1170 2654 342
1189 2605 1333 2644 oblata
1347 2605 1390 2643 P
1494 2606 1628 2645 adluis
1650 2606 1713 2656 (in
1730 2607 1807 2646 all-

136 2661 257 2712 corr.)
278 2659 339 2698 Pl
363 2674 372 2699 :
402 2659 536 2699 abluis
555 2661 594 2700 A
615 2674 624 2699 :
654 2660 772 2697 alluit
803 2657 871 2698 ωδ
975 2672 1056 2709 343
1086 2660 1273 2699 revolvet
1292 2659 1377 2710 DQ
1495 2672 1577 2710 344
1604 2660 1701 2710 quis
1723 2692 1733 2702 .
1754 2690 1765 2702 .
1788 2692 1798 2702 .

137 2715 231 2764 quis
252 2744 262 2754 .
287 2744 296 2754 .
322 2744 333 2754 .
355 2715 450 2764 quis
468 2714 550 2753 NS
658 2724 737 2764 345
758 2727 839 2752 om.
862 2713 914 2764 Q,
934 2714 979 2752 in
1002 2727 1138 2765 marg.
1160 2714 1253 2753 add.
1269 2714 1358 2754 ead.
1383 2728 1439 2754 m.
1463 2728 1473 2754 ε
1499 2728 1667 2755 versum
1688 2716 1752 2755 hic
1767 2721 1806 2756 et

130 2774 229 2819 post
238 2770 318 2818 348
332 2768 544 2808 exhibetD
621 2771 702 2819 346
732 2773 958 2818 utrumque
974 2770 1197 2820 (suprascr.
1215 2769 1478 2819 †utrimque)
1493 2769 1537 2808 D
1610 2771 1691 2819 348
1711 2771 1802 2809 lite·
1832 2782 1835 2783 ⁷

139 2835 230 2862 cam
250 2822 292 2860 P
354 2836 431 2873 351
463 2824 648 2863 intextas
662 2822 830 2873 Bentley
897 2836 977 2874 353
998 2823 1218 2862 innumera
1238 2823 1281 2862 D
1301 2838 1310 2863 ε
1340 2823 1587 2864 innumeras
1603 2823 1807 2875 PKQNS
1832 2829 1838 2841 '·

136 2877 310 2916 lassavit
329 2877 410 2916 PA
517 2889 596 2928 354
625 2890 753 2928 asper
766 2876 850 2915 PA
864 2891 873 2916 ε
903 2891 1003 2917 acer
1021 2877 1090 2917 ωδ
1183 2889 1262 2928 355
1295 2877 1530 2930 Naubolus]
1556 2878 1738 2919 Naribus
1757 2877 1800 2921 Α
1830 2890 1840 2899 ’·

137 2933 221 2983 356
251 2932 448 2972 tenebam
468 2931 511 2971 P
532 2947 541 2972 z
570 2933 742 2972 tenebat
762 2930 831 2972 ωδ
936 2934 1017 2985 358
1044 2932 1194 2972 ictibus
1214 2936 1433 2986 (suprascr.
1455 2932 1615 2987 †1itib.)
1633 2932 1678 2972 D
1834 2951 1836 2953 >
