1884 3204
153 129 206 175 Ρ.
238 123 491 177 ‘PAPINI
526 126 733 177 STATI
768 153 773 157 ·

150 267 273 317 scire
309 267 439 317 licet.
511 284 603 317 nos
640 267 903 331 Argolicae
936 267 1207 332 primordia
1241 284 1439 332 pugnae
1859 324 1872 328 ,-

151 358 515 412 venturumque
549 348 681 398 sinas
716 350 855 398 caelo
889 366 1156 412 praenosse
1189 349 1426 398 laborem.
1733 367 1820 410 490
1859 347 1874 404 ἒ,

152 429 192 477 si
228 431 373 479 datur
407 438 456 479 et
491 429 625 478 duris
662 430 802 479 sedet
836 431 960 479 haec
996 429 1240 479 sententia
1277 429 1444 478 Parcis

151 513 340 561 solvere
377 510 647 560 Echionias
684 514 907 561 Lernaea
941 511 1148 574 cuspide
1182 519 1363 574 portas,

151 591 289 655 signa
323 594 449 641 feras
485 595 755 656 laevusque
788 602 963 654 tones3
1009 601 1128 641 tunc
1164 591 1327 641 omnis
1363 591 1415 640 in
1450 591 1592 641 astris

152 684 395 723 consonet
429 691 608 723 arcana
642 674 854 724 volucris
891 675 1025 723 bona
1059 691 1310 723 murmura
1345 674 1527 737 lingua.

151 756 190 804 si
226 755 475 819 prohibes,
513 755 596 804 hic
629 765 776 805 necte
810 773 972 805 moras
1008 755 1291 819 dextrisque
1325 756 1629 819 profundum
1733 775 1814 817 495
1878 757 1880 763 ’

148 836 349 886 alitibus
382 846 614 900 praetexe
647 837 812 886 diem.'
882 837 957 886 sic
987 839 1117 886 fatus
1155 846 1204 886 et
1239 839 1342 886 alto

149 918 373 967 membra
406 920 537 966 locat
572 919 781 980 scopulo
796 935 810 978 3
855 926 975 966 tunc
1010 919 1151 980 plura
1183 917 1453 981 ignotaque
1487 916 1645 980 iungit

150 998 357 1047 numina
392 1008 441 1047 et
475 997 708 1046 immensi
742 997 917 1046 fruitur
951 997 1160 1061 caligine
1197 998 1386 1047 mundi.

217 1082 490 1143 Postquam
525 1078 616 1128 rite
651 1079 738 1128 diu
773 1078 938 1142 partiti
973 1078 1133 1128 sidera
1169 1088 1374 1128 cunctas
1877 1139 1883 1144 ι

149 1163 398 1224 perlegere
433 1159 611 1209 animis
648 1160 905 1223 oculisque
940 1160 1237 1224 sequacibus
1272 1178 1428 1221 auras,
1739 1179 1819 1221 500
1876 1206 1884 1218 .,

149 1252 269 1291 tunc
303 1240 669 1306 Amythaonius
703 1243 856 1305 longo
890 1251 1004 1305 post
1038 1251 1262 1305 tempore
1297 1252 1463 1291 vates:
1882 1231 1884 1233 .

152 1325 365 1373 ‘Nonne
400 1324 492 1372 sub
530 1325 724 1372 excelso
760 1323 1001 1387 spirantis.
1023 1322 1180 1372 limite
1216 1323 1354 1384 caeli,

150 1404 466 1468 Amphiarae,
503 1403 657 1465 vides,
696 1421 866 1454 cursus
902 1414 956 1454 ut
991 1406 1128 1454 nulla
1163 1422 1364 1455 serenos

149 1488 250 1535 ales
285 1495 399 1550 agat
432 1485 725 1550 liquidoque
759 1489 932 1550 polum
968 1488 1228 1550 complexa
1262 1496 1429 1536 meatu

150 1569 367 1630 pendeat
401 1577 487 1616 aut
521 1567 713 1631 fugiens
749 1567 992 1632 placabile
1027 1568 1268 1632 planxerit
1304 1571 1454 1617 omen
1474 1571 1497 1617 ?
1733 1589 1815 1631 505

151 1666 253 1698 non
290 1665 459 1698 comes
495 1649 735 1698 obscurus
771 1648 1038 1712 tripodum,
1075 1666 1178 1698 non
1214 1649 1434 1699 fulminis
1469 1651 1649 1699 ardens
1882 1714 1884 1718 ι

149 1739 318 1779 vector
351 1723 505 1790 adest,
546 1733 801 1794 flavaeque
837 1747 1020 1779 sonans
1055 1730 1157 1780 avis
1193 1748 1322 1780 unca
1360 1731 1617 1781 Minervae
1872 1726 1884 1792 ξ

150 1829 252 1861 non
288 1811 424 1860 venit
458 1811 671 1874 auguriis
695 1805 882 1861 'melior
896 1830 910 1874 3
958 1812 1079 1875 quin
1113 1815 1276 1862 vultur
1310 1822 1359 1861 et
1393 1812 1504 1861 altis

149 1895 363 1956 desuper
397 1892 655 1956 accipitres
691 1895 994 1943 exsultavere
1028 1893 1226 1958 rapinis.

151 1983 371 2023 monstra
405 1976 589 2035 volant,
627 1974 763 2024 dirae
799 1975 1012 2025 stridunt
1046 1975 1098 2023 in
1133 1976 1270 2025 nube
1303 1978 1542 2038 volucres,
1735 1996 1818 2038 510
1864 1999 1867 2008 2

152 2064 527 2119 nocturnaeque
560 2065 766 2119 gemunt
802 2056 972 2120 striges
1008 2066 1057 2106 et
1092 2057 1260 2106 feralia
1296 2057 1435 2107 bubo

151 2139 337 2187 damna
378 2154 577 2186 canens.
652 2154 780 2201 quae
815 2137 974 2201 prima
1011 2139 1163 2187 deum
1198 2148 1432 2203 portenta
1467 2141 1773 2203 sequamur?

150 2219 292 2268 hisne
327 2219 447 2280 dari,
485 2220 815 2283 Thymbraee,
852 2222 1065 2283 polum?
1111 2220 1258 2269 simul
1293 2238 1379 2270 ora
1412 2238 1617 2271 recurvo

151 2318 317 2364 ungue
352 2310 522 2350 secant
556 2300 759 2350 rabidae
793 2303 1151 2366 planctumque
1184 2302 1493 2351 imitantibus
1526 2302 1617 2352 alis

151 2382 397 2446 exagitant
433 2384 684 2446 Zephyros
720 2392 769 2432 et
804 2385 1004 2447 plumea
1039 2393 1240 2447 pectora
1275 2386 1522 2434 caedunt.'
1740 2404 1820 2446 515
1847 2426 1851 2430 .

150 2464 232 2512 ille
269 2465 363 2512 sub
400 2465 553 2512 haec:
606 2463 889 2527 ‘Equidem
925 2464 1057 2524 varii,
1097 2474 1247 2529 pater,
1283 2465 1452 2515 omina
1487 2466 1681 2516 Phoebi

151 2562 299 2609 saepe
338 2544 458 2594 tuli:
500 2544 598 2593 iarn
636 2554 742 2594 turn
779 2545 938 2609 prima
973 2563 1088 2595 cum
1123 2548 1258 2611 pube
1292 2547 1533 2597 virentem

205 2688 286 2726 490
316 2688 524 2726 pernosse
544 2674 630 2725 DQ
770 2688 851 2725 494
881 2675 1097 2715 volucrum
1117 2677 1159 2716 P
1310 2691 1389 2728 495
1411 2678 1601 2728 profanis
1621 2677 1662 2716 P
1679 2688 1815 2730 marg.

150 2732 160 2750 ‘
180 2736 391 2769 secretum
409 2731 420 2752 '
453 2730 574 2769 schol.
601 2730 654 2768 ·D
832 2744 913 2781 499
942 2737 1114 2770 cunctas
1154 2732 1377 2785 (suprascr.
1410 2732 1467 2773 -is
1498 2732 1585 2773 ead.
1629 2732 1709 2783 m.)
1746 2733 1818 2773 D:

151 2783 393 2824 cuncta'P:
443 2785 607 2823 cunctis
640 2783 845 2835 BKQNS
873 2788 1094 2837 (suprascr.
1125 2800 1150 2825 a
1178 2786 1219 2824 Β
1250 2787 1336 2827 ead.
1369 2789 1443 2838 m.)
1638 2788 1721 2836 508
1747 2786 1818 2838 qui

152 2838 308 2888 PoeSL,
331 2852 434 2878 corr.
458 2839 638 2877 Bernart
655 2853 705 2877 ex
722 2838 832 2879 codd.
963 2839 1005 2879 in
1025 2840 1119 2880 altis
1142 2841 1181 2891 Q
1377 2853 1456 2891 512
1485 2854 1711 2892 sequemur
1730 2839 1822 2881 DN
1841 2883 1844 2887 ,

151 2893 239 2934 edd.
407 2904 487 2942 514
517 2893 706 2943 trepidae
726 2894 969 2945 (†rapidae)
990 2894 1030 2945 Q
1204 2897 1285 2945 516
1314 2899 1410 2935 offla
1428 2897 1471 2935 P
1592 2896 1755 2937 Phoebi
1774 2897 1817 2936 in

153 2961 232 2988 ras.
256 2946 306 2987 N
321 2962 330 2987 ε
363 2947 470 2987 caeli
494 2948 714 3000 (suprascr.
737 2948 897 2988 Phoebi
916 2949 971 2988 al.
997 2949 1079 3003 m.)
1102 2949 1142 2999 Q
1306 2963 1384 3001 517
1414 2963 1556 3002 puppe
1575 2950 1620 2991 P
1850 2959 1851 2962 ’
