1884 3204
150 149 203 196 P.
243 147 486 197 ΡΑΡΙΝΙ
522 147 728 198 STATI

150 289 357 353 imperet
391 291 457 339 ad
492 305 725 353 superos:
771 288 1046 338 animarum
1083 298 1270 339 maesta
1305 297 1578 352 queruntur
1729 305 1804 349 145

149 370 371 430 concilia,
410 379 459 419 et
494 370 617 433 nigri
650 379 790 434 pater
822 370 1105 434 indignatur
1139 366 1338 419 Averni.

220 451 300 500 Illi
335 451 387 499 in
422 468 620 500 secessu
655 451 834 515 pariter
869 452 962 500 sub
998 468 1119 515 rupe
1155 451 1384 500 iacebant

149 532 329 592 felices,
370 548 495 595 quos
530 547 631 580 una
664 531 787 592 dies,
824 548 999 581 manus
1031 531 1236 581 abstulit
1272 547 1372 580 una

151 613 317 677 pervia
351 612 636 661 vulneribus
672 613 837 662 media
870 613 1009 662 trabe
1043 622 1244 676 pectora
1279 612 1404 662 nexi.

152 703 206 742 ut
240 694 364 743 vidit
397 693 710 757 lacrimisque
746 693 877 743 oculi
913 703 1114 758 patuere
1148 693 1373 757 profusis,
1738 709 1814 751 150

157 777 365 823 ‘Hosne
402 791 494 837 ego
529 777 817 838 complexus
851 775 1084 838 genetrix,
1124 777 1247 824 haec
1284 776 1466 833 oscula,
1506 772 1622 831 nati,

154 866 311 905 vestra
347 857 494 904 tuor?
540 855 610 904 sic
645 872 733 904 vos
770 865 988 904 extremo
1023 855 1075 903 in
1110 857 1210 904 fine
1245 855 1412 919 ligavit

153 937 406 1000 ingenium
443 938 642 985 crudele
677 936 853 985 necis?
899 952 1026 999 quae
1061 938 1263 985 vulnera
1298 946 1517 994 tractem,

153 1034 281 1080 quae
317 1017 451 1080 prius
487 1033 573 1065 ora
607 1033 828 1080 premam
848 1019 870 1064 Ρ
915 1034 1070 1066 vosne
1104 1017 1188 1065 illa
1221 1016 1446 1079 potentia
1481 1014 1666 1074 matris,

154 1116 241 1147 vos
278 1098 403 1147 uteri
438 1099 635 1146 fortuna
670 1097 782 1157 mei,
822 1114 921 1160 qua
955 1107 1155 1160 tangere
1190 1097 1333 1147 divos
1742 1111 1819 1154 155
1877 1137 1884 1152 ,

155 1179 295 1228 rebar
330 1187 378 1228 et
415 1178 628 1242 Ogygias
665 1178 817 1227 titulis
852 1178 1039 1227 anteire
1074 1187 1302 1241 parentes
1321 1181 1344 1227 ?

154 1279 194 1319 a,
235 1269 423 1323 quanto
459 1259 635 1308 melius
671 1261 940 1322 dextraque
975 1259 1026 1308 in
1063 1268 1193 1308 sorte
1228 1259 1435 1323 iugatae,

155 1341 265 1405 quis
301 1341 488 1390 steriles
523 1340 729 1389 thalami
763 1342 1002 1404 nulloque
1038 1343 1223 1390 ululata
1258 1342 1430 1390 dolore

155 1422 367 1486 respexit
403 1421 594 1471 Lucina
629 1423 870 1471 domum!
919 1421 1041 1470 mihi
1075 1422 1260 1486 quippe
1296 1424 1539 1470 malorum
1881 1479 1884 1486 1

156 1521 305 1554 causa
339 1504 479 1553 labor
494 1522 509 1564 3
555 1505 645 1552 sed
680 1520 774 1552 nec
808 1504 1052 1553 bellorum
1087 1504 1140 1552 in
1175 1505 1286 1552 luce
1321 1502 1509 1567 patenti
1745 1509 1826 1550 160

157 1584 415 1648 conspicui
449 1585 590 1633 factis
625 1594 923 1648 aeternaque
958 1584 1188 1648 gentibus
1223 1583 1330 1633 ausi
1815 1593 1817 1595 ’

158 1666 417 1730 quaesistis
453 1666 660 1716 miserae
694 1667 873 1715 vulnus
910 1665 1230 1715 memorabile
1267 1664 1423 1724 matri,

158 1750 248 1797 sed
284 1758 495 1797 mortem
532 1748 808 1807 obscuram,
848 1764 1112 1797 numerosa
1147 1746 1234 1796 ubi
1269 1748 1454 1806 funera,
1492 1744 1624 1808 passi

159 1831 257 1878 heu
294 1839 508 1892 quantus
544 1830 674 1878 furto
709 1846 853 1878 cruor
888 1838 937 1878 et
972 1828 1079 1877 sine
1114 1829 1262 1876 laude
1297 1826 1497 1876 iacetis!

160 1911 280 1974 quin
317 1927 410 1973 ego
445 1927 548 1959 non
584 1912 778 1959 dextras
814 1910 1003 1959 miseris
1039 1908 1380 1973 complexibus
1415 1907 1574 1957 ausim
1748 1914 1825 1966 165
1880 1958 1884 1959 ⁷

160 1992 381 2042 dividere
416 2002 466 2041 et
501 1991 625 2040 tanti
660 1991 908 2041 consortia
944 2007 1171 2054 rumpere
1206 1990 1321 2040 leti:

162 2075 227 2123 ite
263 2074 349 2123 diu
385 2076 555 2122 fratres
590 2072 944 2136 indiscretique
979 2072 1222 2135 supremis

161 2156 358 2220 ignibus
394 2164 442 2204 et
478 2171 618 2204 caros
653 2171 776 2203 urna
811 2153 1103 2203 confundite
1139 2152 1297 2201 manis
1321 2154 1358 2201 ξ’

231 2240 341 2287 Nec
377 2236 541 2285 minus
576 2236 763 2285 interea
799 2235 989 2300 digesta
1023 2244 1182 2298 strage
1218 2224 1420 2283 suorum

164 2319 244 2368 hic
281 2318 591 2369 Chthonium
629 2317 858 2378 coniunx,
898 2317 979 2366 hic
1015 2326 1171 2365 mater
1206 2317 1431 2365 Penthea
1465 2316 1645 2364 clamat
1753 2331 1832 2375 170

163 2402 430 2463 Astyoche,
469 2399 708 2464 puerique
742 2400 904 2460 rudes,
942 2407 1041 2458 tua,
1079 2397 1365 2457 Phaedime,
1403 2398 1579 2460 proles,

163 2483 401 2532 amissum
438 2480 656 2531 didicere
690 2490 895 2545 patrem,
935 2482 1292 2543 Marpessaque
1325 2487 1527 2543 pactum

224 2627 298 2664 151
331 2626 412 2662 ego
443 2626 527 2652 om.
548 2611 590 2650 P
741 2623 818 2659 152
848 2611 891 2648 in
922 2622 1004 2648 om.
1034 2609 1074 2660 Q
1106 2609 1169 2661 [et
1198 2607 1249 2660 d]
1393 2618 1467 2656 157
1497 2620 1523 2645 a
1551 2604 1832 2644 Kohlmann:

168 2676 209 2708 at
237 2669 335 2707 Pw:
378 2669 431 2706 ah
464 2680 535 2706 sec.
573 2680 630 2706 m.
661 2665 704 2703 P
727 2664 959 2704 Markland
1123 2665 1200 2701 160
1228 2661 1370 2714 nunss
1400 2663 1626 2714 (suprascr.
1661 2673 1743 2698 nec
1773 2659 1829 2699 al.

169 2722 343 2775 112.2)N
545 2723 619 2760 161
651 2721 750 2759 fatis
778 2719 888 2758 PK:
917 2719 1015 2758 fatis
1036 2717 1228 2768 (†factis)
1256 2717 1304 2755 N
1496 2717 1574 2764 163
1602 2727 1830 2753 numerosa

169 2779 238 2817 ubi
265 2778 438 2829 scripsi:
468 2788 779 2825 numerosaque
818 2774 885 2813 P:
933 2773 1281 2821 numerandaque
1310 2770 1408 2810 ωδε
1449 2770 1762 2818 memorandaq.
1795 2769 1831 2806 L

169 2832 258 2872 edd.
344 2832 524 2870 vulnera
545 2831 589 2868 D
607 2834 646 2868 et
661 2843 733 2869 sec.
756 2843 812 2868 m.
835 2828 878 2866 P
1059 2840 1137 2877 170
1167 2826 1394 2865 Cthonium
1427 2823 1495 2874 Q:
1523 2824 1716 2863 thonium
1746 2822 1833 2861 BD

169 2886 277 2926 KS:
307 2887 467 2925 tonium
483 2885 553 2924 N:
583 2885 730 2924 croniti
751 2883 793 2921 P
883 2895 1052 2932 eunyea
1070 2881 1125 2921 al.
1148 2895 1191 2919 m
1210 2894 1220 2919 ε
1249 2880 1435 2930 penthea
1455 2879 1521 2917 P:
1550 2879 1705 2917 enthea
1723 2876 1833 2916 KS:
1882 2891 1884 2894 ⁴

172 2948 299 2980 entea
330 2941 398 2979 N:
434 2941 605 2979 ienthea
641 2940 682 2991 (a
710 2943 802 2988 sup.
834 2938 845 2975 i
873 2937 969 2977 add.
1001 2935 1071 2988 9²)
1106 2936 1171 2986 Q:
1202 2936 1412 2975 echentea
1440 2933 1512 2972 D:
1541 2934 1698 2973 bentea
1726 2932 1768 2971 Β
