1884 3204
143 84 198 130 P.
237 82 478 131 ΡΑΡΙΝΙ
515 82 721 131 STATI

142 235 245 269 non
280 221 419 269 locus
453 221 519 270 ad
554 228 734 269 terram
769 220 912 269 telis:
959 220 1011 269 in
1047 230 1254 285 corpora
1287 223 1468 272 ferrum

143 300 293 350 omne‘
329 303 461 350 cadit
477 320 492 362 3
539 318 687 365 saepe
722 300 877 364 ignari
911 300 1259 366 perimuntque
1294 305 1593 367 caduntque.
1723 323 1775 365 4²
1805 315 1812 322 ⁴

142 398 284 430 casus
319 381 418 446 agit
453 380 642 430 virtutis
680 399 839 446 opus:
887 399 1021 430 nunc
1056 383 1201 431 turba
1234 384 1433 444 recedit,

142 454 505 526 nuncpremit,
545 479 604 511 ac
640 462 833 512 vicibus
870 465 1096 512 tellurem
1131 463 1311 513 amittit
1347 474 1396 514 et
1430 466 1616 514 aufert:

144 553 196 591 ut
231 543 390 592 ventis
427 543 712 607 nimbisque
750 543 915 593 minax
950 561 1065 593 cum
1101 544 1246 594 solvit
1281 545 1501 595 habenas

144 620 368 685 Iuppiter
402 623 694 685 alternoque
728 622 918 686 adfligit
953 622 1149 672 turbine
1184 625 1444 684 mundum,

143 711 237 751 stat
273 702 397 751 caeli
433 703 625 753 diversa
660 703 805 764 acies,
843 702 979 754 nunc
1014 704 1184 754 fortior
1219 704 1401 765 Austri,
1723 705 1816 766 4²5⁷*

141 801 276 832 nunc
311 784 576 847 Aquilonis
612 785 786 846 hiems,
825 787 988 834 donec
1023 795 1276 850 pugnante
1311 787 1528 849 procella

141 873 226 913 aut
261 864 427 913 nimiis
463 865 544 913 hic
579 865 696 913 vicit
731 865 872 928 aquis
908 874 992 914 aut
1027 866 1110 915 ille
1146 883 1333 916 sereno.

209 945 513 1009 Principium
548 962 744 1009 pugnae
780 954 965 994 turmas
1001 946 1217 1009 Asopius
1255 949 1490 1010 Hypseus

142 1025 375 1076 Oebalias
413 1024 652 1091 (namque
687 1028 781 1076 hae
817 1043 1054 1091 magnum
1090 1036 1139 1076 et
1174 1027 1357 1091 gentile
1392 1036 1640 1078 tumentes

142 1106 425 1157 Euboicum
462 1107 596 1156 duris
632 1116 869 1171 rumpunt
903 1108 1208 1157 umbonibus
1244 1110 1443 1174 agmen)
1728 1128 1817 1169 43Q¹

140 1188 353 1252 reppulit
389 1197 558 1252 erepto
595 1188 741 1238 cunei
778 1190 984 1239 ductore
1022 1191 1267 1239 Menalca.

140 1269 221 1319 hic
258 1279 307 1319 et
343 1279 510 1319 mente
548 1272 731 1329 Lacon,
771 1270 911 1319 crudi
947 1270 1174 1320 torrentis
1209 1273 1439 1320 alumnus

142 1350 256 1415 (nec
293 1350 505 1414 turpavit
539 1350 693 1416 avos),
733 1352 926 1400 hastam
962 1352 1089 1400 ultra
1123 1360 1297 1415 pectus
1333 1361 1547 1412 euntem,

142 1449 205 1481 ne
241 1427 403 1495 pudor
438 1431 489 1480 in
526 1441 676 1495 tergo,
716 1449 803 1496 per
838 1442 887 1482 et
923 1449 1036 1482 ossa
1071 1441 1120 1482 et
1154 1432 1342 1482 viscera
1375 1442 1504 1483 retro

142 1513 350 1562 extrahit
385 1522 534 1576 atque
570 1513 702 1563 hosti
738 1514 909 1562 dextra
943 1514 1143 1563 labente
1179 1514 1383 1564 remittit
1728 1532 1826 1578 435ss

141 1594 492 1658 sanguineam:
540 1594 723 1644 dilecta
756 1594 894 1658 genis
931 1594 1185 1644 morientis
1221 1596 1451 1645 oberrant

141 1678 362 1740 Taygeta
397 1685 446 1725 et
481 1665 1011 1740 pugnae‘laudataque
1038 1685 1249 1740 ⁴pectora
1283 1676 1438 1725 matri.

143 1756 455 1807 Phaedimon
492 1756 693 1805 Iasiden
728 1773 844 1805 arcu
883 1756 1122 1806 Dircaeus
1158 1759 1400 1820 Amyntas

142 1837 385 1887 destinat:
434 1839 532 1887 heu
569 1839 754 1887 celeres
791 1840 1003 1887 Parcae!
1050 1837 1149 1886 iam
1185 1838 1392 1902 palpitat
1426 1840 1552 1888 arvis

141 1918 458 1978 Phaedimus,
498 1927 547 1968 et
582 1917 702 1967 certi
736 1920 962 1967 nondum
1000 1927 1130 1967 tacet
1164 1935 1304 1967 arcus
1341 1922 1599 1982 Amyntae.
1729 1940 1812 1982 440

142 2000 346 2049 abstulit
383 2018 442 2050 ex
478 2017 651 2049 umero
687 2001 909 2049 dextram
947 1999 1253 2063 Calydonius
1289 2002 1480 2064 Agreus

142 2084 398 2146 Phegeos:
445 2081 528 2130 illa
563 2098 709 2130 suum
745 2090 871 2130 terra
906 2090 1042 2131 tenet
1076 2081 1305 2146 improba
1337 2084 1519 2133 ferrum

142 2173 190 2213 et
227 2172 394 2213 movet
412 2182 426 2224 3
472 2162 696 2212 extimuit
733 2179 900 2226 sparsa
934 2162 1060 2212 inter
1095 2165 1193 2212 tela
1228 2162 1473 2213 iacentem

142 2244 488 2310 praegrediens
524 2254 849 2307 truncamque
885 2254 1052 2295 tamen
1088 2244 1329 2309 percussit
1362 2248 1592 2296 Acoetes.

145 2327 294 2391 Iphin
330 2335 468 2376 atrox
503 2329 730 2386 Acamas,
772 2329 959 2390 Argum
996 2329 1126 2376 ferus
1162 2326 1359 2391 impulit
1396 2329 1644 2391 Hypseus,
1729 2348 1835 2390 445·

197 2470 278 2507 419
304 2470 393 2496 non
413 2455 482 2496 P:
511 2469 590 2495 nec
610 2454 680 2494 ωδ
798 2456 946 2496 iaculis
964 2455 1058 2495 DN
1234 2470 1312 2508 421
1329 2471 1458 2498 *nunc
1481 2458 1517 2511 (e
1536 2471 1616 2498 nec
1633 2459 1753 2509 corr.)
1773 2457 1836 2498 P“

141 2523 220 2561 424
248 2512 307 2550 sic
327 2510 416 2552 edd.
441 2525 450 2550 :
479 2516 739 2560 aeternoque
768 2511 915 2561 adfigit
933 2510 999 2550 P:
1030 2511 1274 2562 adfligitque
1302 2512 1464 2552 alterno
1491 2512 1560 2552 ωδ
1732 2525 1812 2564 427

142 2566 276 2605 vincit
294 2564 382 2603 DA
553 2566 632 2614 428
662 2576 829 2615 pugnas
852 2570 1074 2616 (suprascr.
1100 2571 1259 2606 turmas
1280 2580 1350 2606 rec.
1376 2569 1455 2620 m.)
1476 2568 1524 2606 N
1542 2567 1637 2608 Cod.
1661 2567 1811 2620 Magd.

143 2632 221 2670 431
254 2620 446 2659 menalce
464 2619 507 2657 P
702 2633 783 2670 433
812 2620 921 2659 ultra
940 2619 1019 2669 PQ
1039 2634 1049 2660 ε
1077 2620 1188 2660 intra
1208 2620 1375 2660 BDNS
1567 2634 1647 2672 434
1676 2635 1754 2662 nec
1773 2619 1833 2662 P·

142 2687 222 2725 435
252 2675 416 2714 remisit
448 2674 495 2712 N
655 2687 733 2724 437
764 2680 939 2724 pectora
966 2674 1031 2715 P:
1067 2675 1245 2715 verbera
1278 2674 1449 2716 wSLLl.
1561 2677 1685 2717 marti
1713 2676 1835 2718 Cods

144 2729 290 2780 Magd.
329 2742 424 2768 cum
447 2729 577 2780 gloss,
611 2729 680 2767 ‘in
711 2730 951 2779 palaestra’
1146 2731 1227 2779 438
1258 2730 1490 2770 Phaedimo
1523 2731 1672 2771 asiden
1711 2733 1835 2775 arcu}

143 2783 331 2823 dictaeus
347 2782 390 2821 P
538 2796 619 2835 439
647 2784 834 2823 destinat
856 2783 886 2834 (i
904 2790 996 2835 sup.
1019 2796 1042 2822 e
1063 2783 1181 2835 add.)
1206 2784 1245 2834 Q
1390 2798 1471 2835 440
1500 2786 1684 2825 necdum
1707 2784 1814 2825 certi
1826 2795 1835 2803 “

143 2837 255 2877 Serv.
282 2840 390 2878 Aen.
414 2838 472 2878 xi.
495 2839 575 2887 864
748 2850 828 2887 442
858 2839 993 2891 terra]
1016 2839 1164 2878 dextra
1184 2839 1406 2892 (suprascr.
1428 2840 1562 2880 duruo
1581 2840 1635 2880 al.
1654 2840 1734 2893 m.)
1754 2839 1802 2879 P
1830 2854 1832 2858 ·
