1884 3204
103 51 156 98 P.
175 88 179 91 .
196 51 438 100 ΡΑΡΙΝΙ
476 47 681 101 STATI

102 187 315 252 pallidus
352 189 569 238 Inachiis
605 191 690 253 qui
725 191 938 252 desuper
971 186 1199 236 imminet
1233 185 1377 250 Argis
1441 183 1444 185 ’
1682 195 1765 236 660

102 271 225 318 dum
261 269 460 331 morior,
495 269 703 334 dispelle
743 270 980 333 globum!
1050 284 1154 316 sors
1189 283 1350 330 aequa
1384 266 1617 316 merentis

103 350 313 413 respicit.
386 353 643 400 ardentem
680 349 839 399 tenuit
873 347 1145 398 reverentia
1179 348 1345 397 caedis

104 430 366 492 Letoiden,
391 431 680 494 tristemque
715 430 819 478 viro
855 428 1130 478 submissus
1166 429 1407 477 honorem

102 511 301 574 largitur
335 511 463 560 vitae
479 530 493 572 ,-
540 520 709 560 nostro
745 510 875 558 mala
908 508 1080 557 nubila
1114 510 1253 558 caelo

104 592 380 655 diffugiunt,
417 602 467 640 at
502 602 555 640 tu
592 589 852 654 stupefacti
887 606 915 637 a
950 589 1121 638 limine
1157 586 1351 639 Phoebi
1688 603 1768 656 665

104 679 331 718 exoratus
366 669 490 718 abis.
563 669 681 717 inde
717 670 840 716 haec
877 675 1002 715 stata
1038 683 1175 715 sacra
1210 668 1476 730 quotannis

103 752 367 799 sollemnes
404 752 630 799 recolunt
668 751 860 812 epulae,
901 748 1237 812 Phoebeaque
1271 751 1434 812 placat

104 834 289 895 templa
324 841 533 881 novatus
569 833 744 880 honos.
817 831 906 878 has
942 830 1067 878 forte
1103 829 1310 879 invisitis
1345 847 1452 880 aras

105 929 193 961 vos
230 929 358 975 quae
393 912 690 975 progenies?
731 927 1035 974 quamquam
1074 910 1379 974 Calydonius
1417 913 1632 974 Oeneus,

106 1003 153 1043 et
190 993 533 1053 Parthaoniae,
574 992 614 1041 si
650 994 843 1042 dudum
879 1001 1041 1040 certus
1077 994 1143 1041 ad
1177 993 1307 1041 auris
1691 1005 1778 1057 670·

105 1077 292 1123 clamor
326 1074 393 1133 iit,
433 1073 524 1122 tibi
559 1074 664 1122 iura
699 1075 893 1122 domus.
969 1082 1022 1122 tu
1060 1075 1227 1137 pande
1263 1073 1373 1137 quis
1410 1075 1570 1138 ArgOs

106 1154 354 1215 advenias,
395 1156 598 1218 quando
634 1156 728 1203 hae
763 1154 909 1203 variis
945 1154 1259 1204 sermonibus
1295 1157 1477 1205 horae.'

174 1235 370 1285 Deiecit
406 1245 621 1285 maestos
658 1238 907 1300 extemplo
945 1236 1193 1285 Ismenius
1229 1238 1374 1286 heros

106 1317 156 1365 in
193 1327 369 1367 terram
407 1320 585 1378 vultus,
625 1318 874 1381 taciteque
910 1320 975 1367 ad
1011 1320 1186 1381 Tydea
1220 1321 1408 1368 laesum

107 1398 362 1461 obliquare
399 1401 571 1448 oculos
588 1418 602 1460 3
651 1409 757 1448 tum
793 1401 941 1462 longa
976 1399 1171 1448 silentia
1206 1400 1393 1449 movit:
1693 1411 1774 1464 675

112 1482 258 1529 ‘Non
294 1497 442 1543 super
477 1482 570 1529 hos
608 1480 778 1530 divum
816 1467 903 1529 tibi
942 1498 1052 1529 sum
1089 1483 1402 1544 quaerendus
1439 1484 1669 1544 honoreS,

108 1563 243 1611 unde
278 1579 447 1625 genus,
488 1580 616 1626 quae
653 1572 779 1612 terra
815 1562 951 1622 mihi,
991 1563 1101 1626 quis
1138 1565 1324 1612 defluat
1359 1566 1483 1613 ordo

107 1643 359 1706 sanguinis
395 1644 616 1707 antiqui:
659 1644 793 1708 piget
831 1643 958 1693 inter
994 1661 1130 1693 sacra
1164 1644 1317 1694 fateri.

109 1727 197 1774 sed
233 1725 634 1788 sicpraecipitant
670 1726 904 1774 miserum
941 1742 1240 1788 cognoscere
1275 1743 1435 1786 curae,

110 1808 332 1857 Cadmus
369 1807 505 1871 origo
540 1817 748 1870 patrum,
789 1809 932 1857 tellus
970 1807 1218 1856 Mavortia
1251 1809 1440 1868 Thebe,
1694 1818 1778 1859 680

110 1897 183 1937 est
217 1888 437 1951 genetrix
474 1891 670 1937 Iocasta
706 1889 858 1938 mihi.'
926 1898 1034 1938 tum
1070 1898 1235 1938 motus
1270 1892 1512 1939 Adrastus

108 1968 334 2032 hospitiis
372 1969 595 2033 (agnovit
632 1969 820 2033 enim):
860 1973 871 1995 ‘
893 1969 1030 2032 Quid
1066 1979 1187 2019 nota
1221 1970 1491 2020 recondis?

111 2050 320 2100 scimus'
356 2050 424 2099 ait
462 2055 583 2100 ‘nec
619 2051 690 2100 sic
725 2068 951 2100 aversum
988 2053 1120 2100 fama
1157 2051 1384 2114 Mycenis

111 2133 262 2182 volvit
297 2133 401 2182 iter.
473 2150 679 2196 regnum
717 2143 766 2182 et
801 2133 949 2182 furias
986 2135 1260 2196 oculosque
1296 2133 1595 2197 †pudentis†

111 2214 249 2263 novit
285 2224 333 2263 et
369 2214 564 2263 Arctois
601 2214 641 2263 si
677 2217 787 2278 quis
825 2216 888 2264 de
925 2215 1112 2264 solibus
1148 2217 1314 2264 horret
1697 2226 1775 2278 685

113 2295 298 2359 quique
334 2295 460 2344 bibit
497 2298 707 2359 Gangen
744 2306 828 2344 aut
865 2295 1058 2360 nigrum
1096 2296 1355 2345 occasibus
1392 2296 1539 2346 intrat

114 2378 387 2436 Oceanum,
428 2386 476 2426 et
513 2377 552 2425 si
589 2394 715 2440 quos
752 2377 941 2426 incerto
977 2377 1119 2426 litore
1155 2380 1317 2441 Syrtes

113 2458 400 2507 destituunt.
475 2476 538 2507 ne
574 2475 721 2522 perge
758 2459 895 2522 queri
932 2476 1175 2522 casusque
1210 2459 1427 2523 priorum
1577 2520 1581 2524 ι

112 2542 437 2589 adnumerare
472 2539 594 2589 tibi:
643 2550 812 2589 nostro
849 2557 1051 2604 quoque
1087 2540 1326 2604 sanguine
1361 2542 1571 2590 multum
1602 2579 1604 2582 >

164 2672 245 2708 660
273 2682 397 2708 arcus
416 2670 582 2720 (hu-gis
600 2670 826 2721 suprascr.)
858 2671 903 2709 D
1085 2673 1162 2709 661
1198 2670 1383 2720 dispelle
1414 2670 1481 2710 P:
1511 2671 1678 2721 depelle
1712 2671 1782 2711 ωδ

110 2737 206 2763 sors
234 2724 340 2774 PQ:
368 2724 454 2763 fors
482 2724 616 2763 BDK
844 2727 926 2773 663
960 2725 1168 2764 Letoiden
1198 2723 1365 2775 PBQ¹·
1395 2725 1604 2765 Latoiden
1631 2719 1803 2777 DK92'

111 2781 193 2828 670
223 2778 510 2817 Parebaoniae
540 2778 604 2828 Q:
643 2780 866 2829 portaonie
896 2780 968 2819 K:
998 2779 1278 2830 porthaoniae
1305 2778 1382 2818 ΒΞ
1536 2776 1667 2830 672
1697 2781 1779 2820 hae

110 2833 217 2883 PQ:
259 2834 364 2872 haec
393 2832 558 2871 BDKS
653 2835 786 2872 horae
814 2834 923 2884 ΡΩ·
914 2864 923 2873 .
952 2835 1058 2873 hora
1076 2841 1143 2873 est
1170 2833 1338 2873 BDKS
1499 2837 1579 2885 674
1610 2835 1777 2874 laevum

109 2887 297 2926 Koestlin
379 2888 460 2936 684
480 2888 675 2937 parentis
693 2889 757 2926 vel
768 2889 991 2938 pudendos
1007 2889 1272 2939 Lachmann,
1284 2890 1388 2938 fort.
1410 2895 1611 2928 cruentos
1695 2890 1779 2929 688

110 2942 338 2992 gemitusq.
365 2942 575 2993 (†casusq.
594 2944 818 2995 suprascr.)
839 2949 1006 2983 tuorum
1036 2944 1081 2982 D

1871 173 1884 252 ἒ

1878 257 1884 271 Ι

1876 285 1884 312 Ξ
