1884 3204
216 101 269 148 P.
309 100 551 149 ΡΑΡΙΝΙ
589 101 794 150 STATI

281 240 480 288 Gaudet
515 255 667 287 ovans
702 237 846 287 iussis
882 247 931 287 et
964 240 1130 288 adhuc
1165 232 1366 288 temOne
1401 239 1581 290 calenti
1792 251 1844 293 26

211 320 426 369 fervidus
460 319 512 368 in
547 322 742 369 laevum
776 319 917 368 torsit
953 318 1197 368 Gradivus
1233 319 1467 369 habenas.
1860 314 1867 329 ²

212 401 411 465 iamque
446 400 537 450 iter
571 409 843 450 extremum
879 399 1103 462 caelique
1136 400 1347 462 abrupta
1381 401 1595 462 tenebat,

212 499 327 530 cum
363 484 535 530 Venus
570 489 686 529 ante
720 480 854 544 ipsos
890 482 1027 528 nulla
1061 478 1325 528 formidine
1359 496 1580 543 gressum

209 563 313 627 figit
348 580 535 626 equos,
581 579 771 611 cessere
805 570 933 611 retro
968 560 1067 608 iam
1101 559 1301 623 iamque
1335 559 1535 624 rigentis

210 643 494 707 suppliciter
528 659 737 706 posuere
771 642 926 690 iubas.
999 649 1118 688 tunc
1152 649 1355 703 pectora
1388 657 1585 692 summo
1791 652 1843 694 26

208 724 449 774 acclinata
483 724 599 786 iugo
634 726 924 785 vultumque
960 720 1164 783 obliqua
1198 723 1484 771 madentem

207 805 413 869 incipit3
459 805 645 854 interea
679 803 913 853 dominae
948 801 1153 865 vestigia
1186 801 1320 851 iuxta

208 895 522 950 spumantem
557 884 701 948 proni
736 885 982 932 mandunt
1015 885 1280 933 adamanta
1314 883 1528 948 iugales:

208 971 222 993 ‘
239 969 378 1016 Bella
413 966 561 1015 etiam
597 965 648 1013 in
684 965 887 1014 Thebas
922 981 1062 1013 socer
1098 964 1150 1028 (o
1185 965 1515 1029 pulcherrima
1548 967 1679 1017 bella
1701 967 1734 1034 Ξ)

206 1047 311 1109 ipse
346 1062 487 1110 paras
524 1047 751 1108 ferroque
786 1053 899 1093 tuos
934 1045 1133 1095 abolere
1168 1048 1416 1110 nepotes?
1790 1065 1884 1113 270,1

206 1144 300 1176 nec
334 1144 490 1191 genus
528 1125 836 1175 Harmoniae
872 1143 965 1175 nec
1001 1135 1050 1175 te
1086 1126 1302 1176 conubia
1337 1129 1476 1177 caelo
1878 1115 1884 1145 ³

204 1210 329 1258 festa
364 1225 457 1258 nec
492 1209 587 1256 hae
623 1206 891 1271 quicquam
926 1207 1169 1268 lacrimae,
1209 1208 1488 1268 furibunde,
1528 1213 1818 1261 morantur?
1880 1216 1883 1218 ’

204 1289 422 1339 criminis
458 1291 581 1338 haec
618 1290 842 1337 merces?
889 1290 988 1338 hoc
1022 1290 1153 1338 fama
1187 1291 1449 1353 pudorque
1484 1290 1699 1354 relictus,

203 1372 301 1419 hoc
337 1369 458 1418 mihi
495 1368 792 1418 Lemniacae
827 1370 891 1418 de
927 1377 976 1417 te
1011 1386 1232 1418 meruere
1268 1372 1512 1420 catenae?

201 1468 349 1515 perge
383 1451 544 1500 libens
565 1469 580 1511 3
624 1459 675 1499 at
709 1467 812 1498 non
848 1452 1023 1499 eadem
1059 1450 1304 1499 Vulcania
1337 1451 1485 1501 nobis
1788 1471 1884 1515 275'

202 1531 456 1596 obsequia,
495 1541 544 1581 et
578 1531 698 1580 laesi
733 1531 879 1581 servit
914 1541 1081 1580 tamen
1117 1531 1187 1580 ira
1221 1531 1412 1581 mariti!

201 1612 339 1661 illum
376 1629 469 1675 ego
504 1611 754 1676 perpetuis
790 1611 912 1660 mihi
947 1613 1190 1661 desudare
1227 1611 1433 1661 caminis

200 1693 241 1742 si
275 1693 475 1742 iubeam
510 1692 779 1757 vigilesque
815 1692 952 1756 operi
987 1692 1316 1741 transmittere
1351 1701 1538 1754 noctes,

198 1777 412 1838 gaudeat
448 1783 748 1837 ornatusque
784 1791 940 1823 novos
976 1773 1170 1838 ipsique
1204 1774 1395 1823 laboret

198 1873 335 1905 arma
369 1855 494 1917 tibi,-
540 1864 593 1904 tu
614 1857 783 1904 l—sed
819 1857 1051 1919 scopulos
1087 1864 1136 1903 et
1170 1872 1297 1904 aena
1331 1857 1583 1918 precando
1787 1866 1868 1908 280

198 1939 395 1987 flectere
431 1939 582 1986 corda
616 1953 768 2001 paro3
815 1939 976 1985 solum
1012 1938 1110 1985 hoc
1144 1945 1313 1985 tamen
1348 1935 1504 1997 anxia,
1544 1938 1705 2006 solum

198 2021 431 2079 obtestor,
471 2019 592 2083 quid
628 2037 711 2069 me
743 2020 895 2083 Tyrio
930 2019 1119 2069 sociare
1153 2019 1330 2069 marito

197 2100 484 2165 progeniem
520 2117 684 2149 caram
719 2100 1046 2164 infaustisque
1081 2101 1236 2150 dabas
1272 2099 1576 2164 hymenaeis,

197 2184 319 2231 dum
355 2184 459 2231 fore
494 2184 770 2245 praeclaros
806 2181 953 2231 armis
989 2190 1039 2230 et
1073 2180 1238 2230 vivida
1272 2181 1419 2230 rebus

195 2272 397 2327 pectora
431 2262 629 2326 vipereo
665 2262 840 2326 Tyrios
876 2265 940 2312 de
976 2262 1215 2326 sanguine
1250 2261 1401 2312 iactas
1782 2273 1861 2328 ²85

196 2344 569 2407 demissumque
606 2344 739 2393 Iovis
776 2343 899 2394 serie
933 2346 1129 2408 genus?
1174 2347 1232 2393 a!
1281 2360 1392 2394 mea
1427 2352 1615 2408 quanto

197 2426 423 2476 Sithonia
457 2427 655 2474 mallem
692 2425 941 2489 nupsisset
975 2425 1111 2490 virgo
1146 2426 1240 2475 sub
1276 2428 1429 2475 Arcto

194 2518 327 2556 trans
365 2510 560 2556 Borean
594 2508 914 2570 Thracasque
949 2516 1075 2556 tuos.
1147 2506 1352 2570 indigna
1385 2523 1626 2570 parumne

195 2588 499 2652 pertulimus,
538 2588 682 2637 divae
716 2588 926 2638 Veneris
961 2590 1099 2652 quod
1134 2588 1234 2637 filia
1267 2590 1472 2652 longum

194 2678 352 2733 reptat
388 2679 436 2718 et
473 2669 690 2732 Illyricas
725 2669 939 2719 deiectat
972 2670 1103 2719 virus
1138 2669 1190 2718 in
1225 2670 1440 2719 herbas?
1621 2711 1623 2713 .
1777 2689 1858 2733 ²90

249 2800 324 2838 261
356 2798 480 2838 torsit
509 2797 574 2837 P:
602 2804 774 2849 torquet
803 2799 873 2839 ωδ
1033 2800 1116 2838 266
1142 2799 1271 2838 oblita
1293 2800 1518 2852 (suprascr.
1537 2812 1620 2850 qua
1639 2798 1693 2839 al.
1718 2800 1795 2850 m.)
1817 2798 1858 2852 Q

195 2855 276 2902 269
304 2865 428 2891 socer
448 2866 473 2891 ο
502 2852 570 2891 wS
590 2867 599 2891 :
628 2865 778 2893 socero
807 2853 850 2892 P
1009 2854 1297 2903 pulcherrima
1325 2853 1443 2894 PS¹z
1471 2853 1756 2905 pulcherrime
1774 2852 1857 2894 ωδ*

194 2908 273 2946 281
304 2907 384 2945 hoc
405 2907 523 2945 habet
548 2907 614 2945 P:
643 2921 725 2947 om.
749 2923 780 2946 ω
942 2909 1021 2958 285
1051 2914 1094 2947 et
1111 2909 1285 2958 vipereo
1313 2908 1358 2947 D
1539 2909 1621 2948 286
1647 2921 1747 2958 ·que
1766 2912 1852 2949 om.v

193 2961 237 2999 P
343 2966 545 3010 quantum
573 2961 621 3001 N
779 2974 861 3013 290
890 2962 1071 3002 deiectat
1099 2962 1164 3002 P:
1193 2962 1347 3003 eiectat
1374 2961 1446 3001 ωδ
