1884 3204
148 109 208 156 P.
245 104 488 156 ΡΑΡΙΝΙ
524 108 730 157 STATI

151 260 286 307 pone
321 247 562 295 modum:
610 254 725 295 sunt
759 255 809 296 et
843 246 961 297 diris
995 264 1085 297 sua
1119 248 1326 298 numina
1360 249 1564 299 Thebis.
1831 298 1833 300 ,

151 325 356 374 forsitan
392 335 441 375 et
475 325 621 375 nobis
658 328 812 376 modo
847 344 975 392 quae
1010 331 1187 390 favere,
1225 331 1490 379 recedant.'
1738 330 1834 399 335²

151 406 325 470 paruit,
364 416 413 456 et
448 406 674 457 madidas
709 410 888 458 tollens
921 411 988 459 ad
1023 409 1183 460 sidera
1216 413 1436 474 palmas:
1828 420 1831 422 ’

155 488 402 548 ‘Phoebe‚
440 487 531 537 tibi
566 488 764 539 exuvias
800 499 1100 540 monstratae
1134 491 1353 555 praemia
1388 491 1549 541 noctis
1828 553 1831 559 Ἰ

150 569 378 617 nondum
413 569 611 619 ablutus
644 569 786 633 aquis
821 570 934 636 (tibi
968 571 1102 620 enim
1138 573 1262 621 haec
1298 589 1390 636 ego
1425 589 1563 621 sacra
1596 571 1752 639 litavi)
1829 585 1834 614 s

148 651 292 699 trado
327 651 458 700 ferus
493 650 635 700 miles
670 650 923 715 tripodum
958 654 1188 716 fidusque
1223 654 1467 702 sacerdos.
1832 714 1833 717 Ἴ

150 730 190 778 si
226 747 329 779 non
365 731 577 780 dedecui
612 740 697 780 tua
731 732 864 781 iussa
898 733 1088 796 tulique
1122 742 1444 797 prementem,
1738 753 1840 801 340ss

150 828 297 875 saepe
332 811 460 871 veni,
499 829 647 875 saepe
682 814 813 861 hanc
848 812 1051 876 dignare
1085 813 1367 878 inrumpere
1402 823 1636 864 mentem.
1834 808 1836 811 ’

148 910 283 942 nunc
318 892 409 941 tibi
445 894 626 942 crudus
661 894 837 954 honos,
876 902 1049 943 trunca
1083 911 1219 943 arma
1253 912 1496 959 cruorque
1530 895 1745 949 virorum
1764 913 1789 945 :-.
1836 900 1839 905 '

147 982 198 1021 at
234 972 412 1036 patrias
449 972 490 1021 si
525 974 728 1036 quando
764 975 944 1024 domos
980 983 1266 1038 optataque,
1301 978 1481 1036 Paean,

148 1055 349 1117 templa,
388 1053 553 1117 Lycie,
592 1053 748 1114 dabis,
788 1064 862 1104 tot
897 1055 1019 1105 ditia
1054 1056 1188 1105 dona
1223 1056 1423 1106 sacratis

148 1134 375 1198 postibus
411 1144 461 1183 et
496 1133 707 1184 totidem
742 1135 845 1185 voti
882 1153 1073 1186 memor
1107 1136 1246 1200 exige
1282 1139 1479 1187 tauros.'
1741 1157 1819 1200 345
1838 1171 1850 1190 2

149 1215 351 1277 dixerat,
390 1225 440 1265 et
474 1215 614 1265 laetis
651 1216 813 1266 socios
849 1218 1115 1267 revocabat
1149 1218 1213 1267 ab
1249 1217 1412 1267 armis.

215 1300 433 1347 Venerat
467 1299 560 1347 hos
595 1297 722 1347 inter
755 1299 857 1347 fato
897 1298 1203 1362 Calydonius
1241 1301 1472 1363 Hopleus

150 1380 530 1442 Maenaliusque
569 1381 771 1442 Dymas,
809 1379 978 1429 dilecti
1013 1379 1211 1443 regibus
1245 1380 1413 1440 ambo,

147 1477 319 1524 regum
353 1461 506 1509 ambo
541 1459 764 1521 comites,
802 1477 1016 1524 quorum
1051 1469 1165 1524 post
1200 1461 1374 1510 funera
1409 1460 1584 1510 maesti
1844 1519 1848 1531 ¹.

147 1541 299 1590 vitam
334 1541 665 1606 indignantur.
739 1541 871 1606 prior
905 1544 1103 1592 Arcada
1138 1541 1357 1591 concitat
1394 1544 1659 1606 Hopleus:
1743 1561 1845 1604 350,

152 1627 163 1649 ‘
180 1625 397 1672 Nullane
431 1632 545 1687 post
579 1623 738 1672 manis
774 1623 899 1687 regis
934 1623 1026 1674 tibi
1059 1640 1176 1673 cura
1210 1623 1467 1688 perempti,

149 1721 259 1754 care
297 1707 474 1767 Dyma,
514 1713 716 1754 teneant
752 1722 902 1768 quem
938 1704 1038 1754 iam
1074 1706 1281 1754 fortasse
1316 1706 1546 1754 volucres

147 1786 480 1850 Thebanique
516 1787 705 1835 canes?
751 1785 937 1849 patriae
972 1786 1095 1849 quid
1131 1786 1317 1836 deinde
1352 1785 1531 1846 feretis,

149 1869 410 1918 Arcades?
456 1885 519 1917 en
554 1868 762 1916 reduces
798 1876 970 1916 contra
1004 1867 1140 1917 venit
1174 1884 1347 1931 aspera
1381 1876 1565 1916 mater:
1846 1919 1848 1925 ,

148 1951 296 1998 funus
332 1948 456 1998 ubi?
501 1957 552 1997 at
587 1958 758 1998 nostro
794 1965 991 2013 semper
1026 1949 1120 1999 sub
1155 1958 1357 2013 pectore
1393 1950 1595 2012 Tydeus
1741 1968 1821 2011 355
1842 2015 1844 2017 ι

149 2030 302 2080 saevit
336 2029 482 2094 inops
518 2029 708 2089 tumuli,
749 2030 975 2094 quamvis
1011 2030 1278 2094 patientior
1313 2038 1447 2079 artus

148 2110 230 2160 ille
267 2128 359 2160 nec
394 2111 616 2174 abruptis
651 2113 780 2161 adeo
815 2110 1131 2161 lacrimabilis
1166 2110 1324 2160 annis.

147 2193 217 2242 ire
253 2202 422 2243 tamen
457 2210 759 2257 saevumque
795 2192 916 2243 libet
951 2195 1090 2243 nullo
1126 2192 1300 2242 ordine
1334 2191 1519 2256 passim

147 2274 351 2323 scrutari
387 2291 635 2338 campum,
674 2273 928 2324 mediasve
963 2274 1246 2338 inrumpere
1282 2274 1517 2323 Thebas.'
1862 2329 1866 2335 ,

148 2355 328 2418 excipit
363 2372 474 2404 orsa
511 2358 732 2418 Dymas:
781 2358 906 2405 ‘Per
941 2373 1034 2420 ego
1069 2357 1195 2405 haec
1230 2372 1353 2419 vaga
1389 2354 1550 2404 sidera
1585 2353 1718 2414 iuro,
1737 2360 1822 2414 360

148 2453 235 2500 per
271 2436 412 2486 ducis
448 2436 652 2485 errantis
688 2436 841 2485 instar
876 2436 998 2485 mihi
1034 2436 1251 2486 numinis
1287 2436 1502 2497 umbras,

201 2579 282 2617 334
303 2566 395 2605 fera
414 2566 585 2605 numina
601 2565 642 2604 A
747 2578 828 2616 335
848 2566 1052 2606 recedant
1067 2565 1210 2614 Jortin
1231 2580 1241 2605 ε
1261 2566 1468 2605 recedunt
1486 2564 1598 2605 codd.
1620 2578 1630 2604 :
1658 2578 1822 2605 versum

148 2634 231 2660 om.
253 2620 301 2659 N
315 2620 413 2660 add.
438 2634 574 2672 marg.
598 2633 670 2660 rec.
695 2634 753 2660 m.
933 2632 1013 2671 337
1044 2620 1206 2671 proelia
1224 2620 1272 2658 N
1276 2619 1289 2643 ¹
1465 2621 1547 2671 338
1575 2620 1757 2660 necdum
1779 2620 1827 2659 N
1856 2639 1857 2642 ¹

146 2687 223 2724 341
256 2676 445 2726 irrepere
468 2674 567 2714 Cod.
594 2675 714 2727 Corp.
927 2687 1118 2725 341—342
1149 2679 1306 2726 transp.
1330 2674 1369 2724 Q
1559 2687 1641 2724 342
1669 2686 1758 2713 non
1778 2674 1839 2713 D’

145 2743 226 2779 344
255 2736 357 2770 tunc
376 2730 424 2768 Ν
427 2730 440 2753 ¹
551 2732 632 2779 346
661 2729 864 2768 evocabat
885 2728 938 2779 9¹
1049 2742 1128 2779 347
1161 2729 1360 2778 interfato
1387 2729 1456 2780 (us
1475 2735 1568 2782 sup.
1590 2741 1616 2767 o
1634 2728 1754 2778 add.)
1784 2727 1824 2779 Q
1848 2740 1851 2742 ’

145 2797 228 2833 349
257 2798 284 2823 a
304 2797 483 2835 quorum
503 2783 563 2823 ad
567 2784 649 2833 fin.
673 2796 755 2834 350
776 2797 914 2835 marg.
938 2783 978 2834 Q
1151 2794 1232 2833 352
1261 2784 1375 2823 clare
1394 2783 1481 2822 ΡΝ
1485 2783 1499 2804 ²
1609 2788 1822 2822 temerant
1849 2795 1856 2825 ,’
1874 2796 1878 2820 ῑ

145 2837 359 2877 Baehrens
547 2850 627 2888 355
656 2839 710 2878 ad
733 2844 905 2878 nostros
924 2837 968 2876 P
1146 2850 1226 2888 357
1255 2838 1390 2877 amnis
1409 2837 1454 2876 D
1636 2838 1717 2887 358
1747 2837 1821 2887 ille
1845 2847 1846 2850 ’

147 2899 189 2943 υ·
207 2892 435 2945 suprascr.)
458 2892 497 2943 Q
660 2905 741 2943 359
770 2892 989 2933 mediasve
1008 2891 1093 2931 PD
1113 2907 1123 2933 ε
1153 2893 1399 2943 mediasque
1419 2890 1626 2942 BKNQS
