1884 3204
171 42 244 126 P(
265 79 508 127 PAPINI
546 79 753 127 STATI

172 217 418 282 gressibus
454 218 702 281 inlapsum
739 217 901 282 clipeo
937 227 986 267 et
1021 221 1151 269 male
1187 221 1285 268 tela
1320 227 1589 280 tenentem,

171 298 397 348 coetibus
433 301 525 348 hos
561 298 738 348 mediis
773 298 887 347 vina
922 298 1049 348 inter
1083 309 1132 349 et
1167 317 1302 349 arma
1337 300 1554 361 iacentis,

171 379 373 429 acclinis
410 380 579 444 clipeis
614 380 751 440 alios,
790 390 844 429 ut
879 397 1129 444 quemque
1164 381 1368 445 ligatum

171 460 338 510 infelix
373 463 546 510 tellure
581 478 729 525 sopor
764 478 1092 525 supremaque
1127 463 1285 511 nubes

172 542 414 591 obruerat.
487 559 580 591 nec
616 559 804 592 numen
839 543 993 604 abest,
1032 552 1319 606 armataque
1357 545 1487 591 Iuno

171 625 394 671 lunarem
430 622 658 687 quatiens
694 634 882 672 exserta
918 625 1150 687 lampada
1186 626 1358 673 dextra

172 704 346 767 pandit
381 704 472 753 iter
506 706 767 768 firmatque
802 705 996 754 animos
1033 715 1082 755 et
1118 722 1325 769 corpora
1361 713 1614 754 monstrat.

171 785 321 834 sentit
355 787 530 834 adesse
566 788 713 835 deam
749 786 941 846 tacitus,
979 788 1068 835 sed
1103 786 1284 849 gaudia
1319 788 1447 836 celat

171 866 512 927 Thiodama83
558 867 657 915 iam
693 868 833 915 tarda
868 883 1060 927 manus,
1098 866 1198 915 iam
1234 867 1400 916 debile
1436 868 1617 916 ferrum

172 957 221 996 et
256 947 522 1010 caligantes
559 947 724 996 nimiis
760 947 1072 996 successibus
1108 947 1220 996 irae.

172 1028 354 1091 Caspia
388 1045 491 1077 non
526 1027 665 1077 aliter
700 1045 992 1092 magnorum
1027 1028 1079 1077 in
1115 1038 1273 1092 strage
1308 1028 1574 1078 iuvencum

171 1109 318 1172 tigris,
358 1109 444 1158 ubi
479 1109 726 1158 immenso
762 1109 922 1159 rabies
958 1112 1151 1174 placata
1185 1126 1358 1159 cruore

171 1190 469 1254 lassavitque
504 1208 655 1255 genas
692 1200 740 1240 et
776 1208 941 1240 crasso
977 1191 1179 1240 sordida
1214 1191 1332 1240 tabo

172 1272 398 1321 confudit
434 1274 672 1334 maculas,
707 1282 898 1336 spectat
934 1290 1023 1322 sua
1058 1274 1188 1322 facta
1223 1274 1461 1335 doletque

172 1353 414 1403 defecisse
450 1355 665 1403 famem:
715 1353 873 1403 victus
909 1353 980 1402 sic
1014 1370 1170 1417 augur
1205 1353 1384 1403 inerrat

173 1435 410 1484 caedibus
445 1434 652 1484 Aoniis:
700 1444 840 1499 optet
875 1452 1010 1484 nunc
1045 1434 1278 1484 bracchia
1314 1443 1515 1484 centum

173 1525 507 1579 centenasque
543 1516 594 1564 in
630 1517 761 1565 bella
797 1533 973 1565 manus
990 1535 1004 1578 3
1050 1516 1148 1565 iam
1185 1517 1352 1565 taedet
1387 1515 1548 1564 inanis

173 1597 427 1646 exhaurire
463 1597 635 1659 minas,
675 1599 973 1662 hostemque
1007 1614 1259 1662 assurgere
1295 1599 1475 1646 mallet.

242 1682 386 1728 Parte
421 1678 516 1727 alia
552 1678 714 1743 segnis
751 1695 933 1742 magno
969 1688 1102 1728 satus
1141 1679 1361 1727 Hercule
1396 1686 1555 1726 vastat

173 1759 407 1809 Sidonios
443 1762 699 1823 Actorque
735 1760 830 1809 alia
849 1779 863 1821 3
910 1777 999 1809 sua
1035 1777 1285 1823 quemque
1320 1768 1527 1809 cruento

172 1841 327 1890 limite
363 1843 506 1890 turba
541 1841 707 1890 subit:
762 1850 990 1905 stagnant
1025 1840 1270 1904 nigrantia
1304 1841 1422 1889 tabo

171 1923 406 1987 gramina,
445 1922 727 1986 sanguineis
764 1931 941 1971 nutant
977 1921 1188 1971 tentoria
1223 1921 1371 1981 rivis;

172 2006 330 2053 fumat
365 2005 561 2064 humuS,
600 2003 864 2068 somnique
899 2013 948 2054 et
985 2002 1155 2053 mortis
1190 2002 1436 2052 anhelitus
1472 2018 1573 2050 una

173 2085 417 2147 volvitur3
463 2087 599 2134 haud
635 2085 900 2149 quisquam
935 2084 1068 2134 visus
1104 2093 1190 2133 aut
1225 2101 1311 2134 ora
1345 2082 1596 2133 iacentum

174 2166 353 2216 erexit:
402 2165 487 2215 tali
522 2166 712 2216 miseris
749 2168 872 2216 deus
908 2166 1058 2230 aliger
1093 2166 1270 2214 umbra

172 2248 376 2297 incubat
412 2257 461 2297 et
497 2258 690 2296 tantum
726 2247 987 2298 morientia
1020 2247 1210 2297 lumina
1245 2245 1402 2296 solvit.

174 2339 382 2379 traxerat
417 2329 660 2379 insomnis
696 2329 883 2379 cithara
918 2331 1140 2393 ludoque
1175 2344 1407 2392 suprema

173 2410 334 2461 sidera
369 2410 466 2459 iam
503 2413 667 2460 nullos
703 2411 895 2460 visurus
934 2413 1187 2460 Ialmenus
1224 2418 1373 2469 ortus,

175 2492 438 2543 Sidonium
473 2509 664 2556 paeana
699 2509 918 2554 canens3
967 2491 1082 2541 huic
1117 2490 1353 2555 languida
1387 2488 1550 2539 cervix

227 2634 307 2672 279
335 2634 420 2661 una
440 2621 484 2660 P
644 2623 725 2674 289
755 2628 904 2673 pacata
923 2621 965 2661 P
1139 2634 1221 2671 290
1248 2620 1492 2670 laxavitque
1510 2617 1596 2657 DA

1763 385 1884 429 2803

1760 795 1838 845 28'5

1677 1243 1682 1249 ,
1765 1211 1846 1253 290

1767 1616 1844 1659 295

1766 2017 1846 2061 300

1762 2425 1840 2467 305

1764 2629 1840 2668 291

171 2676 393 2716 confundit
411 2675 554 2726 PQ¹D
646 2690 703 2715 an
725 2677 884 2718 malas.
874 2679 887 2708 ἱ
984 2688 1064 2728 295
1085 2688 1297 2726 exurgere
1312 2674 1357 2714 D
1409 2633 1580 2713 qmallet
1597 2671 1843 2735 PBDQAD:

172 2731 290 2771 malit
309 2730 435 2770 KSN
622 2733 703 2780 296
730 2738 899 2772 vastant
918 2731 958 2782 Q
1150 2744 1234 2782 299
1262 2730 1426 2769 fluitant
1444 2727 1644 2778 Bentley:
1672 2726 1843 2776 sangui·

171 2786 352 2836 neisque
374 2791 522 2825 natant
543 2784 775 2826 Markland
923 2798 1004 2837 305
1036 2785 1249 2826 Ialmenus
1272 2781 1758 2825 Gronovms2ia1minus
1776 2780 1843 2820 Ρ.

172 2840 394 2890 palmenus
415 2855 445 2878 ω
466 2854 475 2879 :
504 2840 665 2881 almeus
685 2840 723 2880 S
