1884 3204
943 72 1352 124 THEBAIDOS
1390 74 1604 121 LIBER
1639 78 1742 125 V11

0 207 1 210 Ἴ
30 234 32 251 ÷
99 215 203 280 ipse
236 213 383 264 etiam
418 211 694 275 indignans.
762 209 884 259 vidit
919 218 1056 273 pater
1089 211 1215 258 altus
1252 218 1300 258 et
1335 209 1434 259 irae

28 331 31 348 .
82 295 193 350 ,ἰαιῐι
229 294 377 344 levior
411 293 550 341 tardo
585 290 814 340 flectebat
849 292 1069 354 pondere
1104 292 1308 339 vultum.
1694 298 1743 349 85

0 358 31 428 τι
97 383 151 425 ut
184 374 225 424 si
260 374 460 438 quando
495 371 590 421 ruit
625 372 996 435 debellatasque
1030 371 1260 434 relinquit

97 456 255 522 Eurus
288 469 453 517 aquaS,
492 469 586 516 pax
620 450 726 515 ipsa
760 460 916 500 tumet
951 460 1260 514 pontumque
1301 450 1543 500 iacentem

26 523 29 535 ²
93 532 327 584 exanimis
362 533 457 582 iam
494 532 644 581 volvit
679 531 870 582 hiems:
918 533 1144 580 nondum
1179 548 1315 580 arma
1350 531 1525 580 carinis

0 607 2 612 ’
75 613 272 674 omnia,
310 630 402 663 nec
436 622 541 662 toto
576 612 813 676 respirant
847 622 1047 676 pectore
1082 621 1272 661 nautae.
1338 605 1343 608 ’

91 738 112 754 γ’
161 693 371 743 Finierat
406 710 594 756 pugnas
630 694 789 741 honor
824 692 1113 756 exsequialis
1148 691 1360 752 inermis,
1694 714 1748 756 90

93 763 306 829 n'ecdum
341 773 545 822 aberant
581 782 766 832 coetus,
805 774 1094 837 cunctisque
1130 773 1386 823 silentibus
1422 775 1566 822 heros

10 893 13 902 i
90 853 204 914 vina
237 856 343 903 solo
378 856 590 903 fundens
625 854 838 904 cinerem
876 855 1102 918 placabat
1137 857 1377 905 Adrastus

91 934 408 985 Archemori:
461 938 580 994 ‘Da,
619 952 778 998 parve,
818 945 957 984 tuum
994 936 1240 986 trieteride
1277 938 1430 985 multa

91 1013 356 1064 instaurare
391 1015 538 1075 diem,
577 1033 669 1065 nec
705 1016 898 1066 saucius
934 1018 1153 1066 Arcadas
1188 1034 1295 1066 aras

71 1094 227 1144 ‘malit
260 1095 395 1144 adire
433 1098 612 1160 Pelops
650 1098 869 1160 Eleaque
904 1099 1065 1161 pulset
1100 1099 1287 1148 eburna
1679 1120 1744 1160 *95

90 1177 272 1239 templa
308 1193 472 1236 manu,
510 1193 603 1226 nec
639 1177 866 1227 Castaliis
901 1178 1133 1227 altaribus
1169 1172 1356 1242 anguis,

89 1272 182 1325 nec
216 1272 304 1304 sua
338 1255 558 1320 pinigero
594 1257 747 1321 magis
781 1260 983 1307 adnatet
1018 1259 1193 1307 umbra
1230 1261 1473 1309 Lechaeo.

89 1352 180 1386 nos
215 1346 263 1386 te
298 1337 495 1400 lugenti,
534 1355 668 1401 puer,
707 1338 973 1387 infitiamur
1009 1342 1220 1399 Averno,

90 1426 375 1480 maestaque
410 1417 658 1481 perpetuis
694 1419 951 1467 sollemnia
987 1419 1233 1483 iungimus
1269 1420 1422 1479 astris,

89 1513 221 1546 nunc
255 1497 430 1546 festina
465 1499 670 1547 cohors:
716 1508 766 1547 at
802 1499 842 1548 si
878 1500 1085 1550 Boeotia
1119 1502 1245 1549 ferro
1672 1522 1747 1551 100

87 1586 271 1627 vertere
305 1587 433 1627 tecta
467 1579 622 1639 dabis,
661 1581 849 1644 magnis
884 1590 1003 1630 tunc
1039 1581 1232 1645 dignior
1266 1581 1373 1641 aris,

0 1687 5 1725 [
42 1680 45 1681 ’
88 1665 207 1730 tunc
241 1659 380 1720 deus,
417 1659 645 1709 Inachias
682 1677 774 1710 nec
810 1670 1000 1710 tantum
1038 1665 1169 1711 culta
1204 1680 1291 1726 per
1325 1663 1471 1712 urbes

88 1737 303 1798 numina,
341 1739 543 1803 captivis
580 1740 727 1790 etiam
762 1741 985 1791 ‘iurabere
1021 1743 1240 1792 Thebis.'

31 1886 34 1890 Δ
87 1819 187 1868 dux
220 1836 279 1868 ea
313 1837 401 1883 pro
438 1821 645 1882 cunctis,
680 1824 854 1872 eadem
891 1823 985 1872 sibi
1014 1823 1230 1887 >quisque
1265 1825 1489 1874 vovebat.

155 1901 263 1948 Iam
298 1900 463 1963 pronis
500 1902 741 1951 Gradivus
776 1903 915 1967 equis
953 1906 1181 1967 Ephyrea
1216 1906 1470 1968 premebat
1670 1926 1744 1967 105

86 1979 244 2041 litora,
279 1997 377 2044 qua
411 1998 627 2031 summas
663 1994 810 2047 caput
845 1985 1233 2034 Acrocorinthus
1269 1986 1320 2034 in
1357 2003 1500 2036 auras

88 2061 214 2119 tollit
248 2070 296 2110 et
330 2063 516 2111 alterna
535 2064 801 2127 ¹geminum
838 2082 971 2114 mare
1005 2066 1216 2130 protegit
1253 2067 1439 2116 umbra.

88 2129 204 2190 inde
239 2159 392 2190 unum
430 2142 535 2192 dira
569 2144 808 2193 comitum
843 2147 907 2194 de
942 2146 1088 2210 plebe
1125 2149 1363 2197 Pavorem

89 2221 416 2286 quadripedes
451 2224 637 2274 anteire
673 2225 842 2275 iubet:
891 2244 992 2276 non
1029 2229 1150 2276 alter
1183 2230 1389 2278 anhelos

87 2301 332 2352 insinuare
367 2313 526 2353 metus
561 2305 828 2370 animoque
862 2307 1079 2357 avertere
1114 2308 1226 2357 viris
1670 2332 1747 2361 110

85 2381 245 2446 aptior
264 2401 278 2444 3
323 2381 610 2435 innumerae
647 2397 867 2437 monstro
902 2405 1150 2452 vocesque
1187 2407 1460 2454 manusque

4 2551 7 2566 ἱ
70 2505 75 2507 ’
139 2512 192 2561 84
222 2512 309 2551 irae
326 2512 585 2562 Peyraredus
604 2529 613 2554 :
645 2516 706 2555 ira
725 2516 838 2556 codd.
1047 2519 1103 2557 86
1130 2518 1324 2569 relinquit
1343 2519 1420 2559 ΡΞ
1435 2534 1445 2559 2
1475 2521 1645 2571 reliquit
1664 2522 1748 2560 BD

84 2564 212 2615 KNQ
355 2568 409 2606 88
438 2569 592 2608 carinis
612 2569 680 2609 ωδ
696 2584 704 2609 :
735 2571 956 2620 quiescunt
975 2571 1016 2609 P
1027 2572 1154 2621 foeda
1183 2573 1496 2624 interpolatione,
1521 2588 1559 2615 v.
1585 2575 1743 2624 sourn.

83 2618 192 2662 Phil.
214 2619 315 2660 lviii.
429 2634 478 2671 91
509 2629 683 2673 questus
702 2624 955 2675 Peyraredus
1061 2639 1115 2675 92
1143 2627 1319 2676 pacabat
1334 2627 1377 2666 P
1463 2642 1516 2678 94
1545 2630 1751 2680 assrasP

85 2683 138 2724 95
165 2674 318 2721 mallet
336 2675 384 2713 N
540 2678 594 2726 98
622 2677 851 2728 lugendum
872 2678 1120 2718 Lachmann
1275 2695 1332 2732 99
1359 2682 1443 2721 aris
1465 2683 1503 2732 Q
1577 2687 1580 2690 ’
1669 2697 1744 2733 104

84 2726 254 2767 volebat
274 2728 397 2778 QNA
541 2743 618 2769 110
645 2732 867 2782 animoque
895 2733 961 2773 P:
989 2734 1259 2785 animumque
1278 2735 1347 2776 ωδ
1432 2742 1628 2777 auertere
1648 2738 1717 2777 Ρω
1737 2754 1746 2777 z

84 2779 310 2822 advertere
329 2781 367 2823 S
471 2784 583 2824 vires
601 2784 645 2823 P
660 2800 670 2825 ε
697 2787 812 2826 veris
832 2786 902 2826 ωδ
