1884 3204
157 84 212 131 P.
250 61 493 134 PAPINI
529 79 735 135 STATI

155 220 400 272 inferiore*
418 225 532 287 lyra,
571 219 815 273 memeres
851 224 1143 289 superabitis
1178 241 1350 275 annos.
1408 224 1410 226 ’

156 303 360 352 forsitan
397 312 446 353 et
481 303 687 353 comites
723 322 827 355 non
861 306 1203 369 aspernabitur
1236 308 1437 357 umbras

156 385 397 447 Euryalus
434 384 730 448 Phrygiique
763 385 992 436 admittet
1025 387 1178 451 gloria
1213 387 1336 438 Nisi.

222 467 291 513 At
326 466 456 513 ferus
491 465 761 529 Amphion,
800 468 901 531 regi
937 468 1022 532 qui
1057 471 1186 518 facta
1219 476 1469 532 reportent

154 547 498 610 edoceantque
533 549 706 596 dolum
741 548 1033 613 captivaque
1068 567 1275 613 corpora
1307 550 1535 610 reddant,
1733 560 1836 610 450·
1878 552 1880 554 ’

156 625 305 675 mittit
341 644 526 689 ovans3
573 628 751 680 clausis
787 629 893 693 ipse
928 630 1163 679 insultare
1199 629 1416 694 Pelasgis

155 707 315 757 tendit
350 717 399 757 et
433 707 653 758 abscisos
690 709 938 758 sociorum
973 712 1235 760 ostendere
1270 713 1448 760 vultus.

152 786 341 837 interea
375 790 609 839 reducem
645 806 898 839 murorum
933 808 961 840 e
997 791 1213 841 culmine
1250 791 1368 841 Grai

154 868 526 918 Thiodamanta
560 869 747 931 vident,
783 887 893 919 nec·
911 869 1010 919 iam
1047 871 1356 935 erumpentia
1391 873 1554 921 celant
1845 920 1847 922 .

152 948 347 1012 gaudia,
385 958 439 997 ut
475 958 690 998 exsertos
727 949 857 999 ensis
893 959 942 1000 et
977 953 1131 1001 caede
1165 952 1351 1001 recenti
1738 943 1844 1013 455Ᾰζ

154 1046 290 1078 arma
325 1030 501 1078 rubere
535 1039 711 1079 notant
728 1048 742 1092 3
788 1040 909 1080 tunc
943 1031 1097 1081 assilit
1132 1034 1330 1082 aethera
1366 1049 1602 1096 magnum

154 1111 353 1170 clamor,
393 1119 442 1159 et
477 1127 505 1159 e
540 1128 737 1160 summo
772 1114 994 1175 pendent
1028 1113 1212 1177 cupida
1245 1113 1442 1176 agmina
1476 1114 1604 1161 vallo

153 1207 360 1240 noscere
396 1191 607 1255 quisque
642 1209 772 1241 suos.
844 1194 1101 1242 volucrum
1137 1193 1207 1243 sic
1242 1195 1387 1243 turba
1420 1202 1689 1252 recentum,

155 1287 271 1320 cum
307 1274 542 1321 reducem
577 1274 727 1337 longo
751 1274 1002 1338 prospexit
1037 1274 1089 1323 in
1124 1278 1236 1324 aere
1272 1284 1494 1335 matrem,
1845 1327 1850 1341 „

155 1352 223 1401 ire
259 1353 395 1417 cupit
430 1363 602 1403 contra
637 1355 919 1419 summique
955 1373 983 1405 e
1019 1356 1238 1421 margine
1272 1356 1379 1406 nidi
1734 1360 1823 1418 460

153 1443 310 1483 exstat
344 1431 520 1485 hians:
567 1435 666 1484 iam
702 1435 902 1500 iamque
937 1439 1096 1498 cadat,
1135 1437 1187 1486 ni
1221 1446 1421 1501 pectore
1457 1445 1563 1487 toto
1710 1435 1714 1439 ’

154 1516 318 1565 obstet
353 1525 522 1580 aperta
555 1533 732 1580 parens
768 1526 818 1567 et
851 1518 1133 1567 amantibus
1169 1516 1390 1582 increpet
1424 1517 1526 1566 alis.

154 1597 378 1660 dumque
413 1614 539 1661 opus
574 1615 810 1647 arcanum
846 1608 895 1648 et
930 1599 1066 1648 taciti
1100 1599 1400 1664 compendia
1437 1597 1611 1647 Martis

155 1686 446 1728 enumerant
481 1677 721 1741 laetisque
758 1695 873 1728 suos
909 1679 1250 1745 complexibus
1286 1679 1495 1744 implent

154 1761 458 1823 Hopleaque
494 1758 755 1822 exquirunt
790 1762 1087 1825 tardumque
1123 1764 1374 1825 Dymanta
1408 1769 1710 1825 queruntur:
1737 1767 1844 1823 4⁶5*

155 1857 272 1892 ecce
308 1849 357 1889 et
394 1839 634 1888 Dircaeae
668 1839 802 1889 iuxta
838 1843 939 1890 dux
973 1842 1198 1891 concitus
1233 1844 1339 1892 alae

153 1929 354 1971 venerat
389 1920 679 1984 Amphion·
724 1938 828 1970 non
863 1924 1068 1985 longum
1105 1925 1259 1972 caede
1292 1922 1478 1972 recenti

152 2004 361 2052 laetatus
397 2002 532 2051 videt
566 2001 838 2052 innumeris
873 2004 1058 2053 fervere
1093 2004 1298 2054 catervis
1432 2064 1434 2067 Ι

155 2086 379 2134 tellurem
415 2092 565 2147 atque
600 2100 700 2132 una
733 2092 933 2148 gentem
969 2084 1211 2148 exspirare
1246 2084 1398 2133 ruina.
1856 2148 1857 2151 Ἴ

155 2165 241 2230 qui
276 2175 459 2214 tremor
493 2163 655 2213 elicita
690 2164 813 2214 caeli
849 2167 913 2215 de
947 2168 1178 2230 lampade
1213 2165 1367 2226 tactis,
1738 2181 1824 2229 470
1857 2206 1869 2214 γ-

154 2247 236 2296 hic
272 2246 375 2295 fixit
410 2246 654 2306 iuvenem,
693 2246 972 2312 pariterque
1006 2250 1207 2298 horrore
1242 2247 1335 2297 sub
1369 2263 1472 2296 uno
1820 2264 1822 2266 ’
1855 2236 1859 2246 ”

155 2346 264 2390 vox,
302 2326 433 2377 acies
470 2326 769 2391 sanguisque
804 2328 942 2393 perit,
982 2328 1295 2393 gemitusque
1330 2336 1585 2392 parantem

156 2410 263 2474 ipse
299 2411 428 2459 ultro
465 2408 708 2458 convertit
743 2425 937 2473 equus,
928 2428 938 2438 ·
983 2410 1107 2474 fugit
1141 2412 1219 2461 ala
1253 2418 1437 2460 retorto

210 2541 291 2590 448
319 2539 502 2579 admittit
521 2538 560 2589 Q
738 2554 820 2592 449
848 2540 957 2579 facta
983 2546 1207 2591 reportent
1227 2539 1282 2580 al.
1305 2552 1363 2579 m.
1384 2538 1432 2577 N
1449 2538 1555 2590 (sine
1573 2537 1714 2590 ras.):
1756 2551 1822 2578 re·
1852 2566 1856 2570 -

155 2600 328 2645 portant
348 2593 387 2643 Q
551 2608 631 2646 455
661 2600 833 2635 exortos
854 2594 897 2632 P
1057 2596 1140 2644 456
1170 2601 1267 2634 tunc
1287 2593 1354 2633 Ρ.
1383 2605 1518 2632 novus
1538 2591 1607 2631 ωδ
1741 2604 1824 2643 459

153 2662 255 2688 aere
274 2648 432 2688 PDA:
459 2649 639 2690 aethere
658 2648 864 2699 BKNQS
1011 2650 1094 2699 460
1121 2649 1237 2699 cupit
1257 2648 1319 2686 bis
1337 2647 1384 2686 N
1445 2646 1691 2697 summique
1706 2659 1731 2686 e
1750 2646 1822 2687 P:

156 2708 404 2753 sumnraque
424 2715 448 2742 e
467 2703 580 2745 ΒΚ·
609 2717 773 2744 summa
794 2716 818 2742 e
838 2704 911 2742 N:
941 2715 1189 2753 summaque
1209 2703 1262 2741 ab
1294 2702 1333 2752 Q
1416 2703 1499 2752 466
1526 2701 1589 2752 et]
1610 2713 1694 2740 om.
1711 2700 1822 2751 NQ:
1856 2727 1859 2730 -

155 2758 208 2797 ad
227 2763 318 2811 sup.
339 2757 412 2797 lm.
433 2757 478 2796 P
583 2760 778 2799 dirceas.
837 2757 956 2797 ,alas
977 2757 1016 2807 Q
1180 2771 1262 2807 470
1289 2756 1428 2796 elicita
1447 2753 1708 2805 Peyraredus
1727 2767 1821 2795 cum
1844 2792 1847 2798 ,

156 2810 265 2861 dett„
301 2811 353 2860 cf.
387 2811 443 2853 iv.
477 2824 589 2863 414:
631 2813 790 2853 inlicita
802 2787 938 2863 13005,
973 2811 1082 2850 unde
1110 2811 1280 2850 inicitur
1311 2823 1480 2849 comcere
1510 2809 1621 2848 licet.
1658 2809 1823 2849 ilicibus

155 2864 400 2907 thllimore
523 2872 659 2907 tactos
680 2868 751 2918 Q
884 2878 963 2916 472
983 2866 1055 2904 vix
1074 2867 1165 2906 acie
1186 2865 1252 2905 Ρ·
1288 2864 1437 2918 ati(es)
1462 2863 1497 2918 (-
1481 2876 1548 2903 ·es
1577 2862 1631 2904 al.
1655 2876 1714 2904 m.
1737 2863 1824 2909 sine
1852 2867 1858 2918 ]

157 2919 262 2972 ras.)
286 2918 338 2972 Q
436 2927 662 2972 parentem
681 2921 751 2963 P·
742 2952 751 2964 .
781 2926 1005 2974 parentum
1026 2919 1083 2960 P2
