1884 3204
153 6 206 52 P.
246 5 489 54 ΡΑΡΙΝΙ
526 5 732 54 STATI

153 143 418 206 Cydimon‚
457 144 556 193 heu
592 143 764 192 similis
799 143 1016 208 perituro
1051 143 1103 193 in
1139 161 1345 209 corpore
1359 145 1558 194 :vultus

150 223 396 288 aspiciens
431 226 706 288 floremque
740 241 897 288 genae
933 234 981 274 et
1017 242 1139 289 quas
1175 227 1380 275 finxerat
1413 241 1534 274 auro

150 306 257 370 ipsa
291 322 475 366 comas,
513 323 628 355 cum
664 323 810 356 saeva
843 323 1020 370 parens
1055 306 1154 355 iam
1189 305 1400 369 coniuge
1435 307 1545 354 fuso

149 385 303 435 astitit
338 385 647 450 impellitque
684 386 829 435 minis
865 397 1016 450 atque
1050 387 1220 435 inserit
1256 403 1441 435 ensem.
1518 415 1525 418 -
1737 405 1817 446 ²30

150 476 204 515 ut
239 468 354 527 fera,
393 484 521 531 quae
555 467 691 516 rabie
726 467 924 531 placido
960 470 1165 517 desueta
1200 467 1432 531 magistro

149 547 337 596 tardius
370 565 509 596 arma
543 537 711 598 moret
746 549 1056 612 stimulisque
1092 558 1141 598 et
1175 549 1376 598 verbere
1411 547 1584 597 crebro

150 627 203 676 in
239 645 401 678 mores
437 638 584 692 negat
618 629 687 678 ire
723 645 852 689 suos,
892 629 964 679 sic
998 629 1080 678 illa
1114 629 1295 678 iacenti

149 708 324 758 incidit
358 711 735 773 undantemque
771 710 882 758 sinu
917 712 1154 773 conlapsa
1187 727 1411 760 cruorem

150 790 332 854 excipit
368 800 416 839 et
451 792 639 840 laceros
675 790 854 854 premit
888 790 940 838 in
976 808 1106 840 nova
1139 793 1342 840 vulnera
1377 790 1538 840 crinis.
1734 807 1812 851 ²35

149 880 204 920 ut
238 888 355 920 vero
391 871 689 920 Alcimeden
725 871 999 920 etiamnum
1033 871 1085 919 in
1121 889 1372 921 murmure
1407 881 1607 921 truncos

148 954 274 1000 ferre
309 951 460 1015 patris
488 953 659 999 'vultus
695 960 745 1000 et
779 961 1008 1015 egentem
1044 952 1295 1015 sanguinis
1331 969 1502 1002 ensem

149 1032 400 1096 conspexi,
436 1031 625 1096 riguere
661 1049 836 1081 comae
870 1041 1021 1096 atque
1056 1033 1108 1081 in
1143 1033 1330 1082 viscera
1366 1050 1540 1083 saevus

148 1115 321 1162 horror
355 1112 443 1161 iit:
483 1129 624 1162 meus
660 1112 742 1162 ille
777 1115 961 1174 Thoas,
1001 1130 1113 1163 mea
1148 1113 1254 1163 dira
1287 1113 1443 1164 videri

149 1196 320 1244 dextra
355 1193 491 1243 mihi.
564 1196 813 1258 extemplo
849 1194 1078 1244 thalamis
1114 1196 1309 1245 turbata
1346 1196 1560 1259 paternis
1736 1217 1818 1258 240

148 1276 344 1325 inferor.
416 1275 497 1324 ille
534 1275 739 1339 quidem
776 1277 969 1325 dudum
1004 1275 1139 1341 (quis
1176 1293 1355 1340 magna
1389 1277 1548 1326 tuenti

149 1374 355 1407 somnus
370 1355 412 1423 ?)
447 1357 546 1420 agit
582 1373 780 1406 versans
816 1374 1000 1417 secum,
1039 1357 1131 1406 etsi
1165 1359 1264 1406 lata
1299 1358 1498 1407 recessit

150 1439 272 1488 urbe
308 1436 503 1498 d0mus‚
542 1438 746 1501 quinam
783 1438 1027 1502 strepitus,
1067 1455 1194 1502 quae
1231 1456 1482 1488 murmura
1517 1439 1690 1500 noctis,

150 1537 236 1569 cur
271 1520 586 1569 fremibunda
622 1519 776 1583 quies.
846 1519 1040 1583 trepido
1076 1522 1235 1569 scelus
1272 1520 1446 1569 ordine
1481 1522 1663 1583 pando,

150 1601 261 1665 quis
298 1603 453 1661 dolor,
494 1602 628 1650 unde
664 1600 849 1649 animi:
902 1600 1036 1650 “Vis
1073 1603 1208 1650 nulla
1243 1618 1408 1651 arcere
1443 1601 1685 1663 furentis;
1741 1622 1818 1664 245

149 1685 244 1732 hac
279 1699 504 1746 sequere,
540 1699 570 1730 0
608 1681 887 1731 miserande
905 1700 918 1743 3
957 1691 1189 1745 premunt
1223 1684 1533 1746 aderuntque
1568 1683 1793 1743 moranti,

150 1773 199 1813 et
235 1780 434 1812 mecum
470 1764 676 1811 fortasse
713 1764 908 1811 cadeS.''
978 1762 1054 1811 his
1091 1772 1256 1811 motus
1293 1773 1342 1813 et
1377 1773 1509 1813 artus

148 1844 300 1895 erexit
335 1843 510 1892 stratis.
580 1842 782 1892 ferimur
815 1859 903 1905 per
938 1842 1082 1892 devia
1115 1853 1281 1893 vastae

150 1925 288 1975 urbis
325 1934 374 1974 et
409 1924 664 1988 ingentem
701 1932 974 1972 nocturnae
1009 1923 1176 1972 caedis
1211 1941 1442 1974 acervum

149 2005 346 2071 passim,
386 2014 440 2054 ut
476 2021 703 2068 quosque
739 2003 887 2053 sacris
924 2004 1137 2053 crudelis
1173 2022 1375 2069 vespera
1410 2006 1532 2057 lucis
1739 2028 1825 2070 250,

150 2095 398 2147 straverat,
438 2087 634 2134 occulta
671 2087 984 2149 speculamur
1019 2086 1154 2135 nube
1190 2088 1412 2137 latentes.

148 2167 231 2216 hic
267 2166 506 2230 impressa
541 2166 658 2216 toris
694 2183 780 2215 ora
815 2166 1149 2231 exstantisque
1184 2168 1385 2217 reclusis

149 2247 436 2311 pectoribus
473 2250 677 2310 capulos
714 2264 1002 2311 magnarum
1040 2258 1089 2297 et
1124 2249 1365 2312 fragmina
1400 2259 1572 2299 trunca

149 2329 401 2376 hastarum
439 2337 488 2377 et
522 2330 649 2378 ferro
685 2330 869 2377 laceras
904 2346 992 2392 per
1026 2346 1233 2393 corpora
1267 2329 1428 2390 vestis,

151 2418 362 2458 crateras
398 2426 582 2473 pronos
619 2411 891 2473 epulasque
927 2409 978 2457 in
1014 2412 1168 2459 caede
1204 2411 1418 2460 natantis
1742 2434 1817 2475 255

206 2549 287 2586 230
315 2537 466 2577 inserit
486 2538 663 2591 (ingerit
693 2551 827 2590 marg.
853 2552 909 2578 m.
933 2540 1156 2591 aequaeva)
1177 2539 1220 2578 P
1393 2554 1470 2591 231
1502 2541 1661 2581 rabiem
1682 2542 1820 2595 (rabie
1860 2566 1861 2570 =

154 2605 288 2642 marg.
310 2605 367 2631 m.
389 2593 613 2644 aequaeva)
636 2593 801 2643 placido
818 2592 861 2630 P
873 2607 883 2633 ε
912 2594 1078 2643 placido
1098 2594 1258 2633 rabiem
1277 2594 1345 2634 ms
1506 2608 1586 2645 232
1617 2603 1659 2636 et
1678 2610 1762 2637 om.
1781 2597 1823 2636 P

152 2647 232 2694 236
262 2646 489 2686 etiamnum
518 2660 734 2686 murmure
764 2653 912 2686 trunco
932 2647 1085 2697 Barth,
1106 2648 1179 2688 sed
1203 2650 1249 2700 cf.
1272 2649 1448 2688 Mueller
1463 2650 1523 2689 ad
1543 2651 1612 2690 loc.
1636 2657 1675 2690 et
1699 2651 1816 2691 Theb.

149 2700 177 2738 i.
202 2712 280 2749 277
300 2714 311 2739 t
339 2701 579 2740 etiamnunc
599 2701 641 2739 P
799 2714 877 2751 243
907 2708 1032 2742 nocte
1050 2702 1093 2741 A
1263 2717 1344 2755 249
1373 2710 1416 2744 et
1435 2704 1515 2755 ΡΩ
1535 2719 1544 2744 :
1574 2705 1631 2744 ibi
1651 2706 1692 2745 B
1712 2720 1723 2746 ε
1750 2706 1819 2745 ubi

151 2753 297 2807 N[KS
308 2754 343 2807 ἓ]
509 2767 589 2806 255
619 2762 804 2796 crateras
824 2757 985 2796 laceros
1004 2757 1047 2796 A
1863 2766 1869 2770 “
