1884 3204
903 68 1312 116 THEBAIDOS
1349 69 1565 116 LIBER
1600 69 1734 116 VIII

91 211 255 264 stravit
289 211 484 260 Abanta
521 209 713 265 Pheres,
753 205 1042 268 diversaque
1078 206 1279 254 vulnera
1314 206 1487 253 flentes

15 321 16 324 =
73 292 228 358 ‚Iphis
263 306 425 354 equeS,
463 288 615 351 pedes
651 288 823 348 ArgUS‚
863 286 999 333 Abas
1035 284 1200 348 auriga
1235 283 1474 333 iacebant.

55 393 57 395 ·
92 369 356 423 Inachidae
388 366 571 432 gemini
605 365 827 429 geminos
863 381 890 414 e
926 363 1162 427 sanguine
1199 364 1378 414 Cadmi

89 452 306 503 occultos
339 446 487 512 galeis
523 444 688 512 (saeva
723 443 994 508 ignorantia
1030 443 1169 507 belli)

7 578 13 593 ι,
87 531 390 598 perculerant
422 529 582 588 ferro3
626 527 714 575 sed
749 527 870 574 dum
906 524 1062 588 spolia
1097 524 1263 573 omnia
1298 524 1451 573 caesis
1656 543 1738 583 450

6 599 9 607 ⁴
67 609 310 675 eripiunt,
348 608 513 657 videre
548 609 698 666 nefas,
737 615 787 655 et
822 614 1036 654 maestus
1072 614 1278 667 uterque
1330 605 1335 609 ”

7 755 9 758 Ι
83 689 280 756 respicit
313 690 378 738 ad
412 690 604 737 fratrem
641 686 917 751 pariterque
952 702 1136 735 errasse
1171 694 1454 748 queruntur.

86 773 243 830 cultor
279 771 373 818 Ion
410 768 551 818 Pisae
586 770 825 817 cultorem
864 769 1108 830 Daphnea
1144 766 1346 816 Cirrhae

7 864 9 867 ’
85 850 290 902 turbatis
324 849 581 915 prostravit
616 848 786 912 equis;
831 850 966 897 hunc
1001 849 1168 896 laudat
1203 848 1267 896 ab
1302 848 1403 895 alto

89 930 319 995 Iuppiter,
359 932 491 979 hunc
527 931 693 978 tardus
730 931 903 977 frustra
928 927 1182 977 miseratur
1218 928 1416 990 Apollo.
1655 945 1734 988 455

154 1010 374 1074 Ingentis
411 1013 628 1059 Fortuna
663 1009 790 1074 viros
825 1008 1048 1056 inlustrat
1083 1007 1330 1070 utrimque

54 1090 324 1154 sanguine
360 1090 411 1138 in
446 1091 684 1140 adverso:
736 1092 937 1138 Danaos
974 1088 1242 1139 Cadmeius
1282 1090 1516 1136 Haemon

86 1171 255 1223 sternit
288 1171 485 1235 agitque
520 1173 698 1230 furens,
738 1170 957 1233 sequitur
992 1169 1140 1232 Tyria
1173 1168 1370 1232 agmina
1405 1170 1642 1231 Tydeus3

89 1253 246 1302 Pallas
282 1250 397 1300 huic
432 1267 675 1314 praesens,
715 1251 853 1298 illum
889 1250 1174 1312 Tirynthius
1210 1249 1394 1312 implet.

87 1332 292 1398 qualiter
326 1331 518 1380 hiberni
554 1330 757 1379 summis
793 1332 895 1379 duo
930 1329 1182 1378 montibus
1218 1346 1389 1378 amnes
1660 1334 1745 1389 460

85 1415 370 1477 franguntur
402 1411 696 1476 geminaque
731 1412 917 1459 cadunt
950 1410 1000 1457 in
1036 1411 1183 1473 plana
1217 1409 1384 1457 ruina:

87 1492 400 1544 contendisse
434 1500 589 1556 putes,
628 1499 735 1539 uter
769 1507 884 1538 arva
918 1491 1215 1553 arbustaque
1252 1491 1391 1538 tollat

86 1574 228 1624 altius
263 1582 347 1622 aut
382 1580 577 1635 superet
610 1570 775 1634 pontis
793 1588 806 1630 3
853 1579 902 1618 et
937 1587 1051 1619 cum
1087 1587 1187 1618 una
1223 1579 1443 1633 receptas

0 1655 3 1691 i
87 1653 346 1706 confundit
379 1652 477 1701 iam
512 1651 649 1700 vallis
684 1667 850 1714 aquas,
891 1650 984 1700 sibi
1021 1650 1230 1714 quisque
1266 1651 1506 1714 superbus

0 1725 2 1783 ἶ
86 1737 155 1786 ire
190 1734 336 1799 c'upit,
374 1741 629 1797 pontoque
664 1740 846 1794 negant
882 1732 1184 1780 descendere
1221 1731 1370 1779 mixti.
1663 1739 1743 1794 465

0 1813 1 1820 ¹
154 1816 267 1864 Ibat
301 1813 576 1864 fumiferam
612 1811 836 1876 quatiens
874 1812 1173 1862 Onchestius
1212 1813 1327 1861 Idas

23 1887 28 1892 ⁴
88 1896 317 1959 lampada
349 1910 436 1957 per
471 1892 661 1942 medios
698 1892 1027 1955 turbabatque
1063 1894 1260 1956 agmina
1296 1891 1515 1950 Graium,

88 1975 200 2040 igne
234 1975 363 2024 viam
397 1990 629 2037 rumpens
647 1991 660 2034 3
707 1990 887 2036 magno
923 1989 1072 2035 quem
1109 1972 1387 2021 comminus
1423 1972 1523 2021 ictu

89 2058 288 2119 Tydeos
322 2056 462 2103 hasta
496 2053 584 2102 feri
619 2053 838 2117 dispulsa
872 2052 1062 2102 casside
1098 2053 1214 2102 fixit.

89 2137 170 2186 ille
204 2135 375 2200 ingens
410 2134 462 2183 in
497 2142 630 2199 terga
663 2133 802 2192 iacet,
842 2142 936 2182 stat
971 2135 1129 2183 fronte
1165 2143 1413 2197 superstes
1663 2152 1746 2196 470

90 2217 272 2274 lancea.
311 2217 575 2278 conlapsae
610 2214 816 2263 veniunt
851 2213 902 2263 in
939 2222 1162 2279 tempora
1198 2216 1440 2264 flammae.

90 2295 399 2359 prosequitur
433 2296 663 2358 Tydeus:
715 2299 726 2321 ‘
745 2297 926 2345 Saevos
964 2311 1027 2344 ne
1063 2294 1241 2345 dixeris
1277 2298 1448 2360 Argos,

144 2426 224 2474 446
251 2424 437 2474 sequitur
455 2424 499 2462 in
526 2423 650 2463 codice
673 2423 766 2463 Gul.
795 2423 961 2463 Canteri
989 2423 1146 2463 Guttur
1166 2424 1300 2475 Iphis,
1320 2424 1429 2463 latus
1450 2423 1605 2474 Argus,
1630 2424 1744 2464 Abas

64 2507 70 2509 v
90 2479 133 2518 in
165 2479 303 2518 fronte
338 2490 530 2519 cruorem
552 2492 561 2516 τ
607 2479 619 2499 ‘
633 2477 835 2529 cruorem]
874 2482 1038 2518 cruenta
1055 2492 1069 2518 :
1115 2479 1189 2517 sed
1232 2480 1290 2518 sic
1335 2492 1492 2529 quoque
1537 2478 1741 2518 deleatur’

92 2531 323 2573 Gronovius
496 2543 576 2582 455
604 2532 826 2571 miseratus
846 2531 936 2570 DN
1093 2543 1170 2582 457
1202 2533 1398 2571 Haemon
1417 2532 1459 2570 P
1477 2532 1573 2572 Cod.
1597 2533 1744 2584 Magd.

33 2594 36 2597 ’
87 2592 180 2638 sup.
198 2586 300 2625 lim:
340 2586 466 2625 heros
494 2586 584 2637 ωΑ,
616 2585 664 2624 de
688 2585 725 2625 S
750 2599 834 2625 non
862 2586 1010 2636 liquet:
1034 2587 1094 2638 gl.
1120 2586 1368 2626 ‘Ethz'ocles’
1390 2586 1435 2624 D
1665 2600 1746 2638 459

89 2639 229 2680 Panas
247 2640 343 2680 huic
361 2639 404 2679 P
419 2654 429 2679 τ
457 2640 572 2679 hunc
593 2639 729 2679 Pallas
748 2639 826 2678 ms·
975 2643 1056 2688 460
1082 2641 1264 2679 motibus
1281 2641 1330 2680 N
1486 2643 1575 2690 462*
1595 2641 1746 2681 tollant

87 2693 132 2733 P
304 2695 383 2746 463
413 2699 455 2732 et
474 2706 568 2734 cum
586 2694 727 2744 scripsi
743 2708 753 2734 z
780 2707 880 2734 ecce
899 2693 1013 2735 codd.
1204 2697 1283 2745 464
1313 2695 1532 2735 confundit
1550 2695 1594 2734 P
1606 2710 1616 2735 z
1644 2709 1743 2735 con-

89 2747 194 2788 fudit
220 2747 289 2786 wS
303 2763 312 2787 :
341 2749 398 2786 sic
421 2748 660 2801 interpunxi
817 2749 897 2798 468
925 2754 1020 2788 actu
1041 2748 1080 2798 Q
1270 2751 1351 2800 469
1379 2749 1569 2800 dispulsa
1594 2749 1714 2801 PBQ
1734 2765 1743 2789 ε

91 2801 277 2843 discussa
296 2802 418 2843 DNS
578 2815 657 2853 472
685 2815 740 2842 ne
760 2816 841 2843 om.
864 2802 911 2841 Ν
913 2801 943 2853 ²,
965 2809 1170 2854 suprascr.
1194 2803 1240 2842 N
1242 2803 1258 2827 ²
