1884 3204
999 126 1412 176 THEBAIDOS
1452 127 1668 174 LIBER
1703 126 1782 173 XI

133 270 228 319 hoc
262 265 610 330 quodcumque
645 259 846 308 madent
881 256 1058 320 campi,
1097 257 1234 318 quod
1270 254 1507 318 sanguine
1543 256 1735 303 fumant

67 341 71 349 ’
133 357 314 410 stagna,
352 343 488 406 quod
522 340 783 388 innumero
821 338 1040 386 Lethaea
1074 335 1298 384 examine
1332 335 1515 398 gaudet

132 426 246 490 ripa,
285 439 423 473 meae
458 420 596 479 vireS,
636 435 747 468 mea
780 420 908 466 laeta
942 415 1163 478 insignia.
1237 417 1325 465 sed
1361 414 1482 478 quid

132 507 254 554 haec
289 519 380 566 ego
398 505 420 550 ?
488 502 624 549 Mars
660 499 854 557 habeat,
891 498 1186 559 vulgataque
1221 495 1368 544 iactet
1404 498 1561 557 Enyo.

132 584 294 635 vidisti
331 581 526 647 (Stygiis
562 588 692 629 certe
729 577 1016 626 manifestus
1052 576 1103 624 in
1138 574 1347 640 umbris)
1732 583 1782 634 85

131 663 366 728 sanguine
401 663 654 711 foedatum
690 659 838 708 rictus
872 667 1077 720 atroque
1112 657 1398 706 madentem

96 750 102 753 ’
131 762 215 795 ora
249 745 428 794 ducem
464 742 614 790 tabo:
663 738 826 788 miseri
860 737 1149 787 insatiabilis
1185 736 1288 786 edit

132 841 211 874 me
245 825 467 873 tradente
502 830 663 885 caput.
734 821 887 869 modo
922 835 1104 882 nempe
1139 818 1414 867 horrendus
1455 815 1519 864 ab
1555 814 1694 864 astris

83 895 86 898 Α
131 903 386 955 descendit
421 919 508 952 vos
544 919 702 965 usque
736 903 926 964 fragor:
976 917 1056 949 me
1092 916 1228 949 sacra
1262 899 1518 963 premebat

130 993 406 1048 tempestas,
447 1000 538 1047 ego
575 983 725 1031 mixta
759 981 873 1031 viris
907 981 1160 1030 furialibus
1195 979 1342 1029 armis
1732 998 1785 1040 90

0 1070 1 1075 ’
63 1105 66 1107 Α
133 1066 259 1115 bella
293 1067 443 1114 deum
481 1073 530 1113 et
566 1080 768 1127 magnas
804 1062 1027 1111 ridebam
1062 1060 1280 1109 fulminis
1317 1060 1424 1109 iras.

6 3047 13 3060 ,-
4 2977 7 2984 -
5 2957 7 2964 ἡ
0 2747 9 2938 :azzo-unna..—
0 2683 2 2698 -—

132 1147 219 1196 sed
253 1145 351 1194 iam
388 1144 594 1209 (effabor
630 1143 785 1208 enim)
819 1145 969 1206 longo
1004 1144 1184 1191 sudore
1219 1142 1451 1190 fatiscunt

130 1228 291 1285 corda,
331 1243 478 1284 soror,
518 1227 784 1288 tardaeque
820 1241 995 1273 manus
1012 1242 1026 1285 3
1072 1224 1223 1272 hebet
1258 1222 1412 1271 infera
1447 1223 1586 1270 caelo

131 1317 268 1356 taxus
305 1316 353 1355 et
388 1306 607 1355 insuetos
642 1305 814 1368 anguis
850 1304 1003 1353 nimia
1036 1313 1164 1352 astra
1199 1311 1447 1366 soporant.

131 1398 198 1447 tu,
236 1387 316 1437 cui
351 1396 482 1436 totus
517 1388 682 1435 adhuc
717 1388 850 1435 furor
884 1387 1226 1447 exsultantque
1261 1392 1483 1432 recentes
1733 1400 1784 1443 95

133 1468 308 1532 Cocyti
343 1469 406 1517 de
441 1469 578 1516 fonte
614 1484 799 1526 comae,
839 1468 904 1515 da
938 1466 1138 1529 iungere
1173 1464 1300 1513 viris.

132 1566 234 1598 non
270 1548 435 1598 solitas
469 1548 599 1597 acies
634 1565 728 1597 nec
766 1547 946 1596 Martia
979 1548 1111 1596 bella
1145 1562 1387 1608 paramus,

133 1631 220 1680 sed
255 1631 455 1678 fratrum
489 1628 627 1693 (licet
662 1631 791 1677 alma
827 1628 974 1677 Fides
1012 1627 1275 1690 Pietasque
1310 1634 1598 1690 repugnent,
1659 1678 1661 1681 ,

132 1710 421 1775 vincentur),
461 1713 661 1758 fratrum
698 1709 969 1773 stringendi
1003 1708 1283 1758 comminus
1325 1725 1482 1757 enses.

131 1793 314 1855 grande
349 1795 505 1855 opus!
553 1791 688 1854 ipsae
724 1790 865 1850 odiis,
903 1790 1039 1854 ipsae
1075 1789 1385 1839 discordibus
1421 1788 1568 1837 armis
1707 1808 1789 1836 100

131 1881 367 1936 aptemur.
441 1872 562 1935 quid
596 1874 730 1921 lenta
764 1872 942 1921 venis?
987 1873 1201 1935 agedum
1237 1870 1360 1934 elige
1397 1870 1536 1919 cuius

133 1952 270 2016 signa
304 1955 442 2002 feras.
513 1953 663 2002 ambo
698 1953 865 2002 faciles
901 1952 1189 2015 nostrique3
1231 1953 1319 2000 sed
1353 1968 1537 2014 anceps

132 2035 304 2097 vulgus
341 2042 390 2082 et
423 2035 617 2082 adfatus
653 2033 819 2081 matris
855 2034 1190 2095 blandamque
1223 2042 1425 2095 precatu

134 2114 420 2178 Antigonen
456 2113 622 2173 timeo,
660 2116 863 2177 paulum
898 2131 962 2163 ne
997 2122 1165 2162 nostra
1199 2115 1448 2162 retardent

135 2194 352 2243 consilia.
424 2194 530 2258 ipse
564 2194 726 2253 etiam,
766 2194 851 2257 qui
886 2211 978 2243 nos
1014 2196 1194 2242 lassare
1228 2195 1479 2256 precando
1710 2212 1785 2252 105

135 2285 302 2325 suetus
338 2284 386 2324 et
421 2275 605 2324 ultricis
641 2277 898 2324 oculorum
934 2292 1198 2338 exposcere
1236 2275 1394 2334 Diras,

135 2356 233 2404 iam
268 2365 406 2419 pater
440 2364 546 2405 est:
595 2365 741 2404 coetu
776 2358 926 2405 fertur
959 2355 1058 2404 iam
1094 2358 1227 2405 solus
1262 2357 1326 2404 ab
1362 2355 1500 2403 omni

135 2438 251 2485 flere
287 2436 380 2484 sibi
397 2455 410 2497 3
455 2445 604 2499 atque
638 2438 766 2485 adeo
802 2453 966 2486 moror
999 2436 1105 2499 ipsa
1139 2436 1419 2500 inrumpere
1454 2436 1655 2486 Thebas

134 2527 486 2581 assuetumque
522 2520 687 2568 larem.
760 2517 850 2567 tibi
885 2527 1052 2582 pareat
1088 2518 1267 2582 impius
1304 2520 1453 2578 exsul,

188 2644 238 2681 81
271 2643 411 2682 madet
426 2643 469 2680 P
520 2644 572 2692 85
602 2643 744 2682 vidisti
763 2642 807 2681 P
822 2658 831 2682 ε
850 2643 1058 2683 vidistisw
1105 2644 1328 2683 manifesta
1343 2644 1421 2684 sub
1436 2644 1493 2682 P²
1538 2644 1592 2684 86
1611 2645 1726 2684 ritus
1745 2645 1787 2683 A

128 2699 188 2748 ‘87
219 2697 363 2736 miseri
382 2697 589 2736 Vollmer:
618 2697 783 2736 miseris
801 2697 867 2736 P:
896 2698 1095 2737 miserum
1111 2698 1179 2737 ωδ
1250 2699 1513 2738 insatiabiles
1530 2699 1573 2737 P
1644 2700 1696 2748 89
1723 2712 1792 2738 me

136 2751 179 2790 P
196 2766 206 2790 ε
235 2764 327 2790 mea
345 2751 414 2790 ωδ
571 2765 625 2801 90
651 2752 755 2790 viris
774 2751 868 2801 PQ1
890 2753 930 2802 (s
949 2766 1052 2792 eraS.
1076 2753 1133 2803 Q)
1154 2767 1163 2792 ε
1190 2752 1270 2791 viri
1290 2753 1358 2792 ωδ
1500 2766 1555 2803 93
1583 2767 1640 2793 an
1657 2753 1790 2792 colla?

137 2819 188 2862 97
220 2807 302 2844 tela
322 2806 366 2844 D
501 2807 555 2854 98
584 2806 835 2856 interpunxit
859 2805 1000 2844 Weber
1146 2819 1222 2856 103
1252 2820 1333 2857 que
1353 2808 1407 2847 al.
1430 2821 1486 2846 m.
1504 2808 1552 2846 N
1698 2820 1791 2856 pre-

87 2874 90 2877 ·
139 2865 260 2898 catur
288 2859 395 2898 codd.
429 2859 519 2898 dett.
552 2859 761 2898 Lactantii
785 2860 844 2898 ad
872 2875 908 2900 v.
932 2862 1011 2911 383
1033 2861 1097 2914 (qs.
1116 2861 1297 2912 Jahnke)
1467 2875 1544 2912 104
1573 2862 1792 2901 retardent

138 2912 246 2952 PD:
276 2914 464 2954 retardet
482 2913 654 2965 BKQN
675 2929 684 2954 z
714 2915 900 2954 retardat
920 2915 960 2953 A
