1884 3204
96 56 149 102 P.
189 52 431 102 ΡΑΡΙΝΙ
468 54 674 104 STATI
709 52 1124 103 THEBAIDOS
1160 53 1377 102 LIBER
1410 52 1518 101 XII

95 191 292 256 ignibus
328 194 575 242 Euhadne
609 191 900 256 fulmenque
934 191 986 245 in
1021 192 1222 255 pectore
1257 188 1439 255 magno

95 272 387 335 quaesierit3
435 290 536 336 quo
575 290 714 323 more
748 273 914 323 iacens
951 289 1098 337 super
1132 274 1303 323 oscula
1337 270 1470 323 saevi

93 353 312 416 corporis
347 353 516 403 infelix
550 363 750 403 excuset
785 355 959 416 Tydea
993 352 1240 414 coniunx3

95 443 150 482 ut
185 450 357 483 saevos
393 443 554 484 narret
588 434 757 498 vigiles
793 434 942 498 Argia
978 432 1164 494 sorori3

94 515 293 564 Arcada
326 532 428 578 quo
462 517 665 578 planetu
699 514 919 579 genetrix
947 511 1278 576 *Erymanthia
1312 513 1507 570 clamet,

94 596 292 644 Arcada
327 605 631 659 consumpto
666 605 944 644 servantem
981 593 1220 656 sanguine
1255 594 1433 652 vultus,
1491 632 1495 634 μ

93 677 303 737 Arcada,
342 693 493 740 quem
529 675 756 740 geminae
791 674 970 738 pariter
1005 676 1183 722 flevere
1219 674 1461 722 cohortes.

96 756 176 804 vix
210 774 368 806 novus
406 756 499 805 ista
535 758 670 804 furor
704 755 1009 817 veniensque
1044 753 1298 817 implesset
1333 755 1532 816 Apollo,

94 845 143 885 et
179 854 291 886 mea
325 838 424 886 iam
458 839 609 900 longo
645 835 824 884 meruit
858 834 972 882 ratis
1007 849 1223 895 aequore
1256 842 1469 896 portum.

163 918 445 966 Durabisne
480 918 653 979 procul
690 914 997 977 dominoque
1033 915 1194 976 legere
1230 921 1490 976 superstes,

95 1014 127 1046 o
163 997 286 1045 mihi
322 997 547 1046 bissenos
584 997 797 1064 multum
833 994 1030 1057 vigilata
1064 1010 1153 1057 per
1186 992 1345 1041 annos

95 1077 326 1127 Thebai?
371 1077 470 1125 iam
507 1086 638 1126 certe
673 1092 905 1140 praesens
941 1074 1032 1124 tibi
1069 1076 1223 1123 Fama
1258 1072 1531 1136 benignum

95 1158 263 1208 stravit
297 1157 388 1207 iter
422 1157 687 1220 coepitque
723 1173 905 1205 novam
942 1164 1215 1204 monstrare
1250 1153 1438 1208 futuris,

94 1239 193 1288 iam
229 1249 278 1288 te
314 1238 658 1302 magnanimus
695 1237 925 1300 dignatur
958 1252 1164 1285 noscere
1200 1236 1395 1294 Caesar,

95 1323 222 1371 Itala
256 1320 356 1369 iam
392 1319 558 1369 studio
594 1318 741 1368 discit
777 1326 1119 1379 memoratque
1154 1315 1396 1364 iuventus.

93 1402 231 1478 vive&
254 1417 459 1465 precor;
503 1416 597 1449 nec
632 1396 686 1448 tu
723 1388 942 1448 divinam
977 1395 1204 1446 Aeneida
1237 1403 1443 1458 tempta,

96 1484 185 1532 sed
220 1485 367 1545 longe
403 1498 608 1544 sequere
645 1489 695 1529 et
729 1478 933 1541 vestigia
968 1493 1163 1541 semper
1196 1477 1362 1525 adora.

95 1580 223 1623 mox,
261 1563 353 1612 tibi
388 1562 429 1611 si
465 1561 574 1625 quis
609 1562 776 1610 adhuc
811 1557 1092 1623 praetendit
1126 1556 1299 1606 nubila
1332 1555 1468 1614 livor,

96 1644 309 1702 occidet,
343 1653 391 1693 et
428 1641 588 1691 meriti
622 1650 736 1706 post
773 1657 852 1689 me
886 1641 1156 1689 referentur
1189 1639 1418 1690 honores,

1674 519 1753 572 805
1789 535 1791 538 ⁴
1811 509 1818 565 ξ

1675 922 1757 961 810
1783 906 1818 951 ‘ss

1678 1321 1755 1378 815
1796 1320 1807 1329 “’

150 1775 229 1812 801
261 1772 413 1812 ictibus
429 1770 471 1808 P
577 1769 806 1818 sumenque
825 1772 996 1818 pectore
1015 1765 1057 1803 P
1209 1764 1291 1813 805
1319 1763 1364 1802 in
1380 1761 1423 1800 P
1431 1766 1530 1814 post
1547 1763 1627 1811 807
1648 1757 1758 1802 exhi·
1804 1798 1807 1800 .

96 1828 213 1866 betur
226 1827 346 1878 szgno
365 1823 694 1875 transpositionis
713 1821 809 1861 add.
893 1821 1045 1859 clamat
1057 1815 1213 1868 ΡΒΙῼ1
1376 1817 1459 1855 808
1488 1817 1568 1855 iste
1587 1828 1688 1855 corr.
1711 1828 1760 1854 ex
1811 1830 1820 1844 ··

96 1882 178 1920 ista
198 1881 251 1931 Ql
357 1890 618 1928 vemensque
643 1877 786 1927 Unger
926 1875 1006 1912 810
1036 1872 1278 1911 Duravisne
1296 1870 1338 1909 P
1474 1872 1552 1909 811
1584 1869 1758 1919 longum
1800 1887 1813 1896 <⁴

93 1935 228 1975 Prisc.
249 1933 321 1973 vii,
346 1946 400 1984 54
577 1932 658 1970 812
687 1928 875 1981 Thebais
895 1927 963 1978 Q:
991 1927 1174 1966 Thebais
1191 1925 1234 1964 Β
1425 1925 1472 1963 8ι
1479 1935 1505 1974 5
1533 1924 1701 1963 iamiam
1719 1922 1760 1962 P
1810 1927 1814 1937 ”

96 1990 319 2038 noscitque
348 1987 392 2026 A
557 1986 639 2024 818
669 1985 838 2023 adhunc
866 1982 908 2021 P
1033 1981 1141 2020 libor
1166 1979 1209 2018 P
1393 1978 1477 2029 819
1505 1976 1668 2017 emeriti
1692 1975 1760 2016 P:
1820 2010 1826 2026 5,

96 2043 258 2083 meritis
277 2041 315 2082 S
423 2039 662 2081 referuntur
678 2038 721 2078 P
