1884 3204
142 22 195 67 P.
234 19 441 68 ΡΑΡΙΝ
452 20 477 68 Ι
513 20 718 69 STATI

141 160 483 223 Persephones
517 162 791 223 vulgusque
826 175 947 208 cava
981 160 1076 209 sub
1110 168 1259 210 nocte
1293 168 1546 223 repostum

140 238 314 299 elicite‚
354 248 403 288 et
437 241 585 303 plena
618 241 786 289 redeat
822 242 970 304 Styga
1004 240 1211 304 portitor
1244 242 1374 289 alno.

139 321 261 368 ferte
296 319 443 368 simul
477 337 683 383 gressus,
721 337 815 370 nec
850 320 1058 385 simplex
1092 320 1322 370 manibus
1358 329 1465 370 esto
1717 329 1799 383 48⁶?

140 400 192 448 in
227 402 390 449 lucem
426 417 643 450 remeare
679 403 889 463 modus3
936 411 990 450 tu
1027 419 1197 466 separe
1232 410 1378 450 coetu

142 480 349 543 Elysios,
389 480 568 541 Persei,
606 481 729 544 pios,
767 481 1000 546 virgaque
1034 481 1227 545 potenti

141 561 339 610 nubilus
374 564 530 610 Arcas
564 571 676 626 agat
691 581 705 624 3
752 572 924 612 contra
957 580 1045 627 per
1079 562 1286 612 crimina
1319 561 1514 622 functis,

141 642 226 705 qui
261 644 425 705 plures
462 643 628 692 Erebo
664 645 929 707 pluresque
964 661 991 693 e
1027 643 1266 707 sanguine
1303 642 1498 702 Cadmi,

139 738 300 786 angue
335 731 409 771 ter
443 739 649 772 excusso
685 733 733 772 et
769 723 991 787 flagranti
1025 723 1222 787 praevia
1253 733 1380 783 taxo,
1719 715 1828 782 485³

140 802 430 866 Tisiphone,
468 805 570 852 dux
603 805 768 867 pande
803 804 951 864 diem,
990 821 1083 853 nec
1117 804 1241 853 lucis
1277 803 1466 867 egentis

142 884 387 934 Cerberus
423 900 633 933 occursu
669 883 887 948 capitum
923 887 1218 947 detorqueat
1252 884 1482 932 umbras.'

210 963 424 1024 Dixerat,
464 973 513 1012 et
547 964 727 1027 pariter
761 964 925 1014 senior
960 965 1296 1028 Phoebeaque
1330 963 1466 1028 virgo

141 1061 336 1114 erexere
370 1044 595 1106 animos3
641 1044 711 1093 illi
746 1045 1011 1094 formidine
1045 1047 1195 1105 nulla,
1833 1105 1839 1108 ἢ

141 1124 327 1188 quippe
362 1124 413 1173 in
449 1126 600 1174 corde
636 1127 792 1186 deus3
838 1127 1001 1175 solum
1037 1125 1184 1175 timor
1219 1124 1384 1174 obruit
1419 1124 1594 1189 ingens
1719 1145 1806 1188 490
1840 1171 1843 1173 .

142 1205 602 1269 Oedipodioniden,
636 1206 860 1270 vatisque
896 1207 1142 1256 horrenda
1177 1205 1400 1256 canentis

140 1304 275 1335 nunc
310 1304 506 1336 umeros
542 1304 676 1337 nunc
711 1287 793 1336 ille
835 1304 1011 1336 manus
1047 1296 1096 1337 et
1131 1289 1311 1337 vellera
1345 1277 1539 1351 pressat

139 1364 312 1413 anxius
348 1364 657 1428 inceptisque
693 1365 809 1414 velit
844 1365 1080 1415 desistere
1116 1364 1278 1414 sacris.

141 1446 298 1509 qualis
337 1447 576 1495 Gaetulae
612 1446 943 1495 stabulantem
979 1447 1044 1496 ad
1079 1448 1311 1509 confraga
1345 1444 1495 1505 silvae

140 1536 344 1576 venator
378 1528 529 1591 longo
564 1537 757 1576 motum
793 1529 1008 1577 clamore
1043 1529 1242 1576 leonem
1722 1545 1804 1589 495
1847 1547 1851 1562 ³

141 1617 392 1672 exspectat
427 1610 627 1658 firmans
662 1608 885 1657 animum
921 1617 970 1658 et
1006 1607 1235 1658 sudantia
1269 1607 1381 1656 nisu
1848 1598 1851 1600 ’

141 1691 238 1739 tela
272 1706 532 1753 premens3
577 1691 706 1752 gelat
741 1706 827 1739 ora
860 1706 1014 1753 pavor
1047 1706 1341 1753 gressusque
1376 1695 1692 1747 tremescunt,

141 1770 251 1833 quis
285 1769 451 1819 veniat
486 1779 813 1833 quantusque,
852 1772 941 1820 sed
976 1769 1175 1819 horrida
1210 1769 1349 1833 signa
1382 1768 1634 1818 frementis

140 1850 319 1914 accipit
354 1859 403 1900 et
439 1867 587 1899 caeca
622 1850 821 1899 metitur
856 1868 1107 1900 murmura
1141 1867 1271 1900 cura.

208 1934 376 1994 Atque
411 1930 492 1980 hic
527 1930 740 1980 Tiresias
777 1933 1004 1981 nondum
1038 1930 1423 1981 adventantibus
1458 1931 1646 1981 umbris
1723 1951 1805 1994 500

144 2017 155 2038 ‘
175 2015 279 2062 Vos
314 2021 479 2071 testor,
519 2012 675 2072 divae,
715 2012 896 2076 quibus
932 2014 1067 2062 hunc
1102 2011 1427 2062 saturavimus
1462 2011 1628 2077 ignem

140 2095 379 2156 laevaque
414 2094 680 2142 convulsae
715 2093 946 2143 dedimus
981 2093 1231 2143 carchesia
1267 2102 1436 2153 terrae,

141 2175 240 2223 iam
275 2191 472 2238 nequeo
508 2175 715 2224 tolerare
751 2192 955 2225 moram.
1028 2192 1262 2225 cassusne
1297 2176 1528 2225 sacerdos

140 2255 352 2306 audior?
386 2273 450 2305 an
485 2255 660 2305 rabido
696 2255 864 2305 iubeat
899 2256 940 2305 si
975 2258 1216 2306 Thessala
1251 2266 1399 2305 cantu

195 2399 278 2436 479
296 2386 400 2436 fort.
421 2385 583 2436 Stygos
605 2386 765 2425 arbiter
784 2386 1003 2437 (quoniam
1022 2389 1032 2408 ‘
1047 2386 1189 2425 redire
1208 2386 1369 2437 Styga’
1390 2386 1462 2426 vix
1477 2385 1702 2439 Latinum)
1723 2386 1812 2426 nisi
1838 2408 1841 2410 ·

142 2446 306 2479 remeat
326 2440 461 2489 Styga
483 2440 620 2479 mavis
750 2442 831 2489 482
862 2441 1010 2480 Persei
1032 2439 1097 2490 Q:
1126 2453 1277 2490 persae
1299 2444 1386 2492 (-ee
1408 2442 1493 2492 -ea)
1514 2445 1595 2480 cett.
1722 2443 1803 2491 484

140 2495 304 2535 semine
343 2494 431 2534 edd.
467 2499 556 2534 vett.
588 2494 723 2533 Barth
757 2495 962 2534 Heinsius
993 2509 1014 2534 e
1043 2494 1154 2534 codd.
1376 2496 1455 2544 487
1488 2500 1731 2546 retorqueat
1762 2494 1807 2535 P

142 2562 223 2599 490
254 2550 380 2588 timor
396 2548 462 2589 P:
492 2555 650 2587 tremor
668 2548 738 2588 ωδ
872 2551 955 2599 496
982 2554 1026 2587 et
1046 2562 1126 2588 om.
1147 2547 1193 2586 D
1302 2549 1527 2589 suadentia
1542 2548 1587 2588 P
1721 2562 1801 2601 497
1847 2578 1852 2590 2

143 2616 217 2645 ore
235 2604 278 2642 P
439 2614 516 2652 501
549 2603 703 2642 Testor
727 2604 787 2643 ait
812 2604 936 2643 divae
960 2602 1071 2644 codd.
1095 2603 1236 2654 (divos
1255 2603 1317 2654 D)
1338 2618 1347 2642 ε
1386 2603 1475 2643 Vos
1499 2609 1643 2654 testor,
1667 2604 1808 2653 divae,-

141 2658 295 2708 scn‘psi,
318 2657 377 2696 ait
405 2657 583 2696 scholion
611 2670 696 2696 esse
721 2658 946 2697 arbitratus
967 2672 977 2697 t
1020 2657 1175 2697 Testor
1201 2658 1259 2697 ait
1289 2658 1409 2697 divas
1442 2657 1617 2697 Mueller
1649 2658 1803 2697 insulse
1856 2679 1858 2682 ·

141 2712 423 2751 saturabimus
441 2711 484 2749 P
503 2757 506 2759 ¹
627 2723 708 2761 502
738 2713 950 2762 plenaque
969 2710 1238 2764 Peyraredus,
1259 2713 1363 2762 fort.
1388 2716 1486 2751 rectc
1505 2713 1630 2751 etiam
1659 2710 1801 2752 adver-

141 2770 258 2805 sante
278 2766 314 2805 L
399 2765 599 2805 convulsa
619 2794 631 2806 .
654 2796 664 2807 .
688 2797 698 2807 .
720 2771 832 2806 terra
851 2766 961 2806 idem
1810 2782 1813 2785 ⁴
1843 2771 1846 2773 ’
