1884 3204
938 88 1349 137 THEBAIDOS
1388 89 1603 136 LIBER
1647 89 1729 136 III

87 229 166 283 cui
198 227 438 286 dedimus,
476 224 566 275 tibi
599 226 670 274 fas
706 223 838 287 ipsos
873 222 1137 272 incendere
1172 223 1303 272 bello

45 344 48 355 ·
87 309 339 363 caelicolas
373 323 646 371 pacemque
683 321 858 353 meam.
931 303 1029 351 iam
1064 302 1253 352 semina
1287 319 1482 367 pugnae
1655 323 1730 364 235

70 392 188 456 ipse
222 387 366 439 dedi:
412 394 596 435 remeat
630 393 829 448 portans
866 382 1100 431 immania
1135 384 1336 446 Tydeus

83 486 216 531 ausa,
250 467 388 518 ducis
423 467 582 515 scelus
617 474 678 525 et,
715 462 869 527 turpis
905 462 1172 526 primordia
1208 463 1338 522 belli,

82 549 294 609 insidiaS,
331 548 639 609 fraudesque,
677 544 776 594 suis
811 561 934 607 quas
969 546 1099 592 ultus
1135 543 1186 591 in
1221 543 1381 596 armis.

41 659 48 662 ·
81 632 210 683 adde
243 630 406 678 fidem.
477 643 566 675 vos
601 643 632 674 o
667 625 843 689 superi,
880 641 1021 673 meus
1056 623 1230 673 ordine
1265 623 1475 687 sanguis,

44 728 144 763 nne
176 725 392 774 pugnare
425 706 566 766 odiis,
604 723 701 755 neu
737 722 817 755 me
852 714 1091 768 temptare
1125 706 1376 768 precando
1651 724 1733 763 240

81 790 301 850 certeti83
345 788 414 837 sic
450 789 572 836 Fata
605 786 726 835 mihi
760 788 1024 851 nigraeque
1059 787 1293 834 Sororum

61 874 338 923 lustravere
373 871 544 918 colus:
585 876 752 916 manet
787 869 910 916 haec
944 867 1009 915 ab
1044 865 1230 929 origine
1265 864 1439 914 mundi

79 953 172 1002 fixa
205 950 311 1000 dies
346 950 492 1009 bello,
528 948 798 1013 populique
832 947 883 996 in
918 946 1104 1011 proelia
1138 945 1252 995 nati.

78 1033 213 1097 quod
247 1030 299 1079 ni
334 1048 414 1080 me
448 1039 667 1079 veterum
702 1045 888 1093 poenas
924 1028 1112 1077 sancire
1147 1030 1389 1077 malorum

38 1103 47 1111 ἦ
76 1112 303 1178 gentibus
338 1120 387 1160 et
422 1110 554 1160 diros
589 1109 745 1159 sinitis
780 1108 953 1173 punire
988 1117 1195 1172 nepotes
1650 1127 1729 1167 245

77 1193 259 1258 (arcem
294 1193 423 1240 hanc
457 1200 719 1250 aeternam,
758 1190 935 1240 mentis
972 1189 1179 1238 sacraria
1212 1198 1420 1248 nostrae,

19 1332 22 1334 ,
77 1283 228 1324 testor
261 1282 310 1322 et
346 1271 552 1335 Elysios,
590 1271 739 1320 etiam
775 1271 896 1319 mihi
931 1270 1149 1330 numina,
1186 1269 1371 1332 fontis),

77 1354 182 1419 ipse
216 1370 366 1402 manu
401 1353 601 1401 Thebas
635 1361 957 1415 correptaque
993 1350 1189 1399 moenia
1223 1351 1381 1399 fundo

15 1422 28 1473 Ῑ
77 1434 319 1486 excutiam
354 1449 616 1496 versasque
650 1435 758 1481 solo
793 1449 939 1495 super
975 1432 1164 1480 Inacha
1198 1439 1328 1479 tecta

21 1515 23 1518 ⁴
77 1516 327 1565 effundam
362 1513 503 1562 turris
537 1522 622 1562 aut
657 1522 828 1575 stagna
862 1512 912 1560 in
948 1513 1142 1561 caerula
1177 1528 1365 1560 verram
1652 1531 1732 1571 250

76 1595 232 1645 imbre
267 1594 555 1658 superiecto,
592 1594 706 1643 licet
742 1593 847 1656 ipsa
882 1592 934 1641 in
968 1591 1164 1642 turbine
1199 1609 1361 1641 rerum

78 1678 207 1726 Iuno
241 1692 356 1725 suos
391 1675 531 1724 collis
565 1676 907 1738 templumque
941 1675 1167 1737 amplexa
1201 1674 1422 1722 laboret.'

145 1756 292 1817 Dixit,
329 1765 378 1806 et
411 1754 607 1804 attoniti
640 1745 813 1815 iussis3
859 1754 1083 1803 mortalia
1117 1756 1288 1803 credas

11 1889 15 1892 ,
76 1847 288 1902 pectora,
325 1837 395 1886 sic
429 1836 595 1885 cuncti
628 1852 903 1898 vocemque
937 1834 1231 1898 animosque
1266 1834 1533 1883 tenebant:

77 1936 179 1969 non
214 1934 355 1978 secus
387 1934 446 1966 ac
480 1919 628 1980 longa
661 1926 919 1966 ventorum
955 1932 1078 1979 pace
1113 1917 1330 1964 solutum
1654 1937 1673 1964 π
1681 1937 1729 1978 55

76 2016 261 2063 aequor
295 2007 344 2047 et
378 1997 565 2047 imbelli
598 1997 835 2046 recubant
870 1996 957 2045 ubi
991 1996 1132 2045 litora
1167 2013 1358 2055 somno,

78 2082 405 2143 silvarumque
439 2095 607 2128 comas
642 2088 691 2128 et
724 2079 902 2127 abacto
937 2078 1136 2127 flamine
1169 2078 1328 2126 nubes

80 2164 262 2211 mulcet
295 2161 423 2210 iners
458 2169 651 2220 aestas3
695 2169 814 2208 tunc
849 2169 1020 2223 stagna
1054 2161 1288 2222 lacusque
1324 2157 1489 2208 sonori

79 2244 379 2301 detumuere,
417 2250 582 2290 tacent
617 2240 774 2289 exusti
808 2240 994 2289 solibus
1029 2257 1214 2288 amnes.

133 2383 211 2420 234
240 2371 306 2408 cui
333 2368 416 2407 PD
437 2369 658 2420 (suprascr.
680 2369 818 2418 †quae
845 2368 888 2406 D
907 2368 993 2408 ead.
1016 2369 1092 2418 m.)
1116 2383 1125 2407 :
1159 2380 1266 2418 quae
1286 2367 1488 2418 BKNQS
1650 2371 1730 2419 236

78 2424 274 2475 portans]
306 2430 386 2475 pro
421 2429 646 2472 reportans
683 2428 742 2461 est
781 2424 868 2462 sine
903 2423 1112 2474 exemplo:
1160 2429 1402 2461 monstrans
1443 2423 1506 2462 vel
1550 2436 1728 2462 narrans

59 2480 140 2518 ,vel
168 2479 245 2516 tale
270 2477 476 2516 eiusmodi
501 2476 756 2517 desideratur
928 2490 1007 2526 242
1036 2478 1273 2516 lustravere
1306 2477 1479 2516 Servius
1514 2478 1592 2529 (ad
1617 2477 1724 2518 Aen.

76 2532 163 2572 viii.
183 2535 312 2581 409):
340 2533 531 2570 iuravere
560 2530 672 2570 codd.
891 2543 969 2581 244
999 2531 1209 2582 veterum]
1232 2531 1371 2570 sinitis
1404 2531 1442 2581 Q
1648 2544 1727 2581 245

27 2595 30 2598 ⁴
76 2586 274 2637 gentibus
294 2591 337 2624 et
358 2587 402 2624 d-
421 2586 466 2624 in
486 2598 566 2625 ras,
585 2584 633 2623 N
711 2585 868 2637 sinitis]
890 2591 1082 2624 veterum
1098 2584 1136 2634 Q
1244 2587 1397 2635 punire
1418 2589 1479 2635 (-e
1499 2587 1543 2623 in
1563 2586 1664 2637 ras.)
1686 2586 1733 2624 N

75 2643 157 2689 246
185 2641 323 2690 gentis
353 2640 599 2678 Lachmann
631 2639 717 2678 coll.
754 2638 856 2679 silv.
895 2652 934 2679 v,
974 2653 1007 2679 1.
1044 2652 1151 2689 2403
1191 2639 1266 2678 sed
1290 2640 1443 2678 mentis
1473 2640 1626 2678 retinui
1642 2640 1726 2681 coll.

75 2693 176 2735 Sz'lv.
198 2695 237 2734 ii.
262 2707 302 2734 2.
327 2706 399 2743 131
427 2694 564 2732 ‘celsa
597 2699 640 2731 tu
670 2694 826 2732 mentis
857 2694 908 2731 ab
940 2693 1091 2733 arce':
1123 2695 1330 2732 internam
1363 2693 1398 2730 L
1419 2693 1469 2745 (Ζ)
1649 2706 1729 2743 250

76 2760 238 2789 verram
266 2748 333 2787 P:
373 2753 533 2787 vertam
562 2752 643 2787 cett.
836 2759 1024 2797 253—254
1052 2748 1416 2799 interpunctionem
1452 2748 1625 2787 mutavi.
1685 2750 1728 2787 di

76 2802 217 2842 cuncti
246 2800 492 2841 Lachmann
638 2813 716 2851 257
747 2802 916 2840 abactas
944 2800 987 2839 P
1145 2803 1225 2851 258
1254 2803 1377 2851 signa
1398 2801 1621 2852 (suprascr.
1646 2809 1729 2841 sta-

75 2857 226 2949 alhm.)
258 2856 296 2906 Q
321 2909 361 2948 Β
405 2867 485 2906 259
514 2857 652 2895 exusti
682 2855 750 2894 N:
779 2856 941 2895 exustis
970 2856 1035 2896 P:
1064 2857 1232 2895 exausti
1262 2855 1328 2907 Q:
1357 2856 1553 2895 exhausti
1582 2856 1728 2907 DKQ:

77 2922 129 2949 ex
161 2911 292 2949 austis
