1884 3204
0 2792 4 2971 l

975 61 1387 110 THEBAIDOS
1424 63 1638 110 LIBER
1674 65 1747 111 VI

98 223 260 272 ungue
293 213 424 254 secat
458 200 779 262 meritamque
814 212 1022 255 comam,
1050 195 1163 244 furit
1188 196 1408 259 undique
1444 199 1628 246 clamor
1669 207 1750 257 625

84 287 338 347 dissonus,
374 282 760 345 ambiguumque
796 276 925 326 senis
961 285 1220 324 cunctatur
1255 275 1453 324 Adrasti

16 372 18 374 ’
95 365 366 416 consilium.
436 364 636 412 tandem
673 360 778 423 ipse
814 358 987 406 refert:
1023 359 1037 381 ‘
1058 356 1373 419 Compescite
1409 357 1560 415 litem,

94 462 126 495 o
159 443 323 509 pueri!
370 442 519 491 virtus
554 441 730 490 iterum
767 438 1055 500 temptanda
1071 454 1085 496 3
1131 437 1219 485 sed
1256 436 1321 485 ite

42 524 44 526 ’
83 524 243 575 ‘limite
277 540 377 572 non
413 539 528 582 uno,
565 523 692 569 latus
728 521 824 568 hoc
860 516 1149 566 conceditur
1186 518 1320 575 Idae,

78 614 144 657 <tu
178 603 366 654 diversa
401 612 526 662 tene,
565 603 694 650 fraus
729 598 952 648 cursibus
988 597 1150 646 omnis
1186 597 1390 645 abesto.'
1664 606 1747 657 630

155 683 438 744 Audierant,
477 682 711 744 dictoque
746 687 961 728 manent.
1035 694 1149 726 mox
1184 677 1389 726 numina
1425 679 1631 741 supplex

87 766 254 815 adfatu
292 765 440 814 tacito
478 763 666 812 iuvenis
703 764 958 825 Tegeaeus
993 761 1166 809 adorat
1195 778 1204 809 :

91 844 238 896 fDiva
271 854 447 910 potens
482 860 740 893 nemorum
777 841 889 907 (tibi
925 840 1057 890 enim
1093 839 1175 888 hic
1210 839 1299 888 tibi
1335 839 1481 888 crinis
1518 839 1694 888 honori

85 924 293 986 debitus,
332 942 459 989 eque
493 934 580 974 tuo
615 923 749 974 venit
784 925 907 971 haec
943 921 1118 970 iniuria
1152 920 1305 986 voto),

85 1004 125 1055 si
159 1006 287 1055 bene
322 1006 443 1070 quid
477 1005 709 1070 genetrix,
747 1003 787 1052 si
823 1003 943 1067 quid
979 1002 1238 1051 venatibus
1276 1001 1382 1065 ipse
1659 1011 1737 1062 635

82 1086 344 1150 promerui,
378 1104 454 1146 ne,
494 1102 692 1150 quaeso,
731 1084 862 1133 sinas
898 1085 994 1132 hoc
1030 1082 1196 1132 omine
1233 1083 1433 1131 Thebas

82 1166 163 1226 ire,
201 1183 293 1216 nec
328 1166 570 1216 Arcadiae
606 1174 797 1214 tantum
834 1163 1069 1212 meruisse
1103 1165 1379 1226 pudorem.'

79 1246 302 1296 auditum
339 1247 596 1296 manifesta
630 1248 785 1295 fides:
827 1244 906 1293 vix
941 1261 1144 1307 campus
1181 1253 1382 1292 euntem

79 1327 238 1388 sentit,
275 1337 325 1377 et
358 1327 493 1377 exilis
527 1327 712 1390 plantis,
741 1325 1000 1375 intervenit
1033 1327 1128 1384 aer,

79 1417 313 1472 raptaque
347 1425 451 1457 non
484 1410 638 1456 fracto
673 1406 875 1470 vestigia
909 1408 1108 1470 pulvere
1143 1407 1376 1468 pendent.
1653 1414 1735 1467 640

77 1487 311 1553 inrumpit
344 1491 557 1538 clamore
591 1488 720 1548 foris,
759 1490 971 1536 clamore
1006 1485 1206 1534 recurrit

77 1578 191 1619 ante
226 1570 404 1619 ducem
440 1585 715 1633 prensaque
748 1570 882 1617 fovet
917 1565 1123 1629 suspiria
1156 1567 1334 1628 palma.

76 1650 200 1699 finiti
234 1668 415 1711 cursus,
454 1667 759 1715 operumque
792 1648 1001 1712 insignia
1034 1657 1243 1712 praesto.

74 1732 226 1780 Arcas
262 1748 444 1795 equum
480 1734 629 1791 dono,
668 1730 881 1794 clipeum
916 1728 1038 1793 gerit
1073 1728 1327 1792 improbus
1366 1729 1512 1789 Idas,

0 1865 2 1889 Β
74 1820 234 1861 cetera
267 1813 408 1876 plebs
444 1812 605 1875 Lyciis
639 1811 774 1860 vadit
809 1819 1044 1860 contenta
1077 1808 1328 1872 pharetris.
1644 1816 1727 1871 645

139 1894 284 1942 Tunc
317 1902 475 1953 vocat,
513 1891 692 1942 emisso
728 1891 768 1940 si
803 1891 912 1954 quis
954 1892 1217 1940 decernere
1252 1888 1391 1937 disco

0 1964 4 2020 ³.
73 1971 277 2036 impiger
311 1982 359 2022 et
393 1972 506 2022 viris
539 1972 655 2021 velit
690 1981 934 2021 ostentare
970 1970 1217 2033 superbas.

72 2051 109 2100 it
142 2052 302 2102 iussus
339 2055 566 2113 Pterelas,
605 2061 654 2101 et
687 2068 841 2100 aenae
875 2050 1063 2099 lubrica
1098 2066 1287 2098 massae

0 2151 3 2153 ’
71 2134 291 2195 pondera
325 2133 404 2181 vix
438 2142 543 2182 toto
578 2142 804 2182 curvatus
840 2147 1044 2193 corpore
1079 2130 1212 2179 iuxta

71 2212 252 2274 deicit,·
296 2213 572 2277 inspectant
607 2212 741 2261 taciti
775 2213 1160 2275 expenduntque
1195 2212 1415 2260 laborem
1642 2221 1725 2275 650

71 2293 355 2342 Inachidae.
426 2310 542 2342 mox
575 2293 717 2342 turba
751 2302 910 2352 ruunt,
949 2294 1050 2342 duo
1083 2291 1242 2355 gentis
1277 2294 1521 2351 Achaeae,

69 2382 165 2422 tres
202 2374 553 2437 Ephyreiadae,
594 2373 706 2422 Pisa
741 2382 873 2422 satus
909 2390 1050 2432 unuS,
1088 2375 1318 2421 Acarnan

68 2453 336 2517 septimus3
375 2464 424 2503 et
458 2454 608 2518 pluris
643 2454 858 2518 agitabat
891 2453 1056 2517 gloria,
1095 2452 1147 2501 ni
1184 2470 1235 2502 se

120 2583 200 2631 625
227 2582 288 2621 ad
300 2583 382 2632 fin.
415 2583 482 2623 lib.
509 2583 551 2622 vi
583 2596 726 2622 versus
751 2583 795 2621 in
823 2583 866 2621 D
883 2583 972 2632 fere
1000 2595 1142 2622 omnes
1169 2583 1226 2621 ita
1253 2583 1547 2621 commaculati
1571 2587 1618 2621 ut
1644 2583 1725 2634 legi

31 2651 35 2654 ·
65 2642 265 2686 nequeant
407 2639 489 2686 629
517 2637 658 2675 limine
677 2636 724 2674 N
850 2637 946 2676 litus
973 2637 1217 2691 conceditur
1233 2636 1280 2674 N
1400 2639 1477 2686 631
1509 2637 1623 2690 dicto
1638 2638 1719 2688 sss

63 2695 211 2740 parent
230 2689 278 2728 N
290 2704 300 2729 ε
319 2690 514 2740 dictoque
528 2697 677 2740 parent
689 2690 730 2728 A
812 2693 892 2740 633
913 2704 1068 2740 parens
1088 2693 1305 2741 (suprascr.
1322 2695 1476 2740 potens
1493 2704 1564 2729 rec.
1583 2693 1660 2739 m.)
1677 2692 1724 2729 N

63 2743 136 2783 tibi
158 2744 268 2783 enim
287 2744 354 2783 hie
375 2745 504 2784 crinis
522 2745 563 2783 P
695 2746 776 2793 636
805 2757 871 2783 me
890 2744 1099 2783 Baehrens
1247 2745 1417 2783 nomine
1436 2745 1476 2782 P
1633 2747 1718 2794 640

63 2803 264 2848 raptaque
282 2799 448 2849 scripsi:
478 2811 653 2847 raraque
665 2798 776 2838 codd.
794 2813 803 2837 :
823 2811 998 2847 rasaque
1017 2799 1218 2837 Heinsius
1325 2800 1402 2847 641
1434 2798 1635 2847 inrumpit
1649 2798 1693 2836 P
1707 2814 1716 2839 :

62 2849 218 2902 inrupit
233 2851 301 2892 ms
382 2854 462 2901 642
491 2852 605 2892 fovet
621 2852 686 2891 P:
706 2853 817 2891 levat
831 2852 936 2892 oeSA
1012 2854 1091 2902 644
1111 2851 1375 2903 clipeumque
1390 2853 1429 2891 P
1499 2854 1546 2900 64
1554 2863 1578 2900 5
1599 2853 1714 2892 vadit

60 2903 140 2943 ΡΑ
163 2919 172 2945 :
190 2907 354 2955 ‚gaudet
374 2906 443 2947 ωδ
549 2908 632 2956 646
660 2906 903 2946 discernere
921 2905 1007 2946 ΡΝ
1110 2908 1192 2956 649
1221 2911 1414 2946 curvatus
1433 2907 1624 2957 pondere
1642 2905 1686 2944 P
