1884 3204
160 95 215 143 P.
253 93 496 142 PAPTNI
533 92 738 141 STATI

161 232 372 297 amplius
407 241 492 282 aut
525 233 688 281 vultus
723 232 874 281 audet
907 233 1118 295 perferre
1153 231 1342 281 cruenti
1747 248 1770 291 5

163 315 377 378 Tydeos,
415 331 558 376 aegra
593 313 760 361 animo
796 311 868 360 vis
902 329 962 361 ac
997 311 1180 360 fiducia
1214 311 1373 360 cessit.

128 446 140 459 ⁸
163 395 320 458 qualis
357 394 643 458 saetigeram
681 395 887 441 Lucana
922 392 1129 455 cuspide
1164 393 1377 441 frontem

164 476 358 525 strictus
394 493 525 539 aper,
563 474 760 538 penitus
797 473 877 523 cui
913 491 1016 523 non
1051 473 1236 522 infossa
1271 472 1474 522 cerebro

164 559 366 606 vulnera
400 574 493 605 nec
528 556 644 605 felix
678 558 878 604 dextrae
914 564 1069 615 tenor,
1108 555 1160 603 in
1185 557 1322 603 latus
1358 553 1453 602 iras

164 634 340 698 frangit
376 644 424 684 et
460 643 687 698 expertae
722 633 821 682 iam
858 650 958 682 non
995 632 1130 682 venit
1165 632 1341 682 obvius
1376 633 1561 680 hastae.
1747 650 1800 692 53

233 718 366 764 Ecce
402 717 583 764 ducem
619 724 808 763 turmae
844 706 977 763 certa
1010 713 1293 777 indignatus
1329 713 1381 761 in
1415 714 1611 761 hostem

165 796 353 860 spicula
387 796 517 845 felici
554 797 827 844 Prothoum
863 804 1092 857 torquere
1126 797 1327 855 lacerto,

165 878 391 927 turbidus
429 876 649 927 Oenides
685 893 785 924 una
819 877 922 924 duo
958 892 1164 939 corpora
1198 875 1334 938 pinu,

165 958 587 1021 cornipedemque
623 956 956 1019 equitemque,
994 955 1133 1004 ferit:
1180 956 1275 1004 ruit
1309 955 1391 1004 ille
1426 964 1651 1005 ruentem

165 1040 215 1087 in
254 1041 527 1088 Prothoum
562 1040 824 1101 lapsasque
859 1053 1011 1085 manu
1047 1035 1326 1100 quaerentis
1359 1036 1580 1086 habenas
1752 1054 1806 1097 54
1823 1027 1831 1052 ²

165 1120 215 1168 in
252 1122 415 1168 vultus
450 1121 639 1182 galeam
676 1118 992 1181 clipeumque
1026 1117 1078 1166 in
1113 1126 1314 1181 pectora
1347 1118 1516 1176 calcat,

168 1200 362 1250 saucius
398 1210 617 1250 extremo
654 1201 817 1249 donec
853 1216 967 1248 cum
1005 1197 1242 1262 sanguine
1277 1200 1442 1247 frenos

167 1282 354 1346 respuit
389 1291 438 1331 et
472 1281 641 1330 iuncta
675 1280 883 1330 domino
918 1279 1109 1329 cervice
1143 1278 1400 1329 recumbit.

168 1363 238 1413 sic
274 1366 437 1412 ulmus
473 1363 699 1427 vitisque,
738 1364 921 1426 duplex
955 1361 1141 1411 iactura
1176 1360 1371 1421 colenti,

170 1447 403 1494 Gaurano
440 1446 503 1494 de
539 1453 710 1494 monte
746 1445 945 1504 cadunt,
984 1445 1072 1492 sed
1108 1442 1340 1492 maestior
1374 1443 1538 1491 ulmus
1757 1463 1808 1503 54
1829 1444 1842 1466 ”·

169 1526 358 1589 quaerit
393 1536 658 1589 utrumque
693 1542 883 1585 nemus,
921 1541 1015 1574 nec
1049 1533 1151 1573 tam
1187 1541 1276 1573 sua
1310 1523 1542 1573 bracchia
1575 1522 1747 1572 labens
1820 1569 1822 1571 .

170 1625 319 1672 quam
356 1607 508 1672 gemit
543 1616 762 1656 assuetas
799 1606 1051 1670 invitaque
1085 1605 1290 1670 proterit
1325 1621 1460 1654 uvas.

169 1699 445 1754 sumpserat
479 1689 531 1737 in
569 1692 772 1739 Danaos
810 1688 1107 1738 Heliconius
1142 1704 1279 1736 arma
1315 1686 1610 1750 Corymbus,

169 1780 284 1822 ante
321 1788 489 1821 comes
528 1770 703 1830 MusiS,
742 1769 895 1834 Stygii
931 1769 1012 1818 cui
1048 1768 1249 1819 conscia
1284 1768 1426 1832 pensi

170 1853 277 1916 ipsa
313 1852 397 1901 diu
433 1851 606 1916 positis
642 1853 797 1900 letum
832 1850 1139 1914 praedixerat
1173 1849 1313 1899 astris
1760 1865 1842 1910 550

172 1933 368 1982 Vranie.
443 1932 578 1997 cupit
613 1932 695 1982 ille
731 1941 899 1981 tamen
934 1948 1224 1996 pugnasque
1259 1930 1502 1994 virosque:
1832 1932 1834 1934 ’

172 2015 376 2064 forsitan
414 2024 467 2063 ut
503 2023 701 2064 caneret
718 2033 731 2076 3
778 2016 927 2077 longa
961 2013 1089 2063 iacet
1124 2013 1229 2077 ipse
1265 2013 1521 2062 canendus

173 2099 335 2156 laude,
374 2098 463 2146 sed
498 2095 736 2145 amissum
775 2104 940 2145 mutae
977 2097 1156 2144 flevere
1193 2096 1412 2144 Sorores.

242 2181 423 2227 Pactus
461 2181 774 2241 Agenoream
810 2175 980 2241 primis
1017 2179 1139 2240 Atys
1175 2175 1279 2226 ibat
1314 2176 1378 2224 ab
1414 2175 1557 2225 annis

178 2262 426 2319 Ismenen,
466 2259 601 2322 Tyrii
637 2258 828 2309 iuvenis
863 2275 966 2308 non
1002 2259 1195 2309 advena
1229 2257 1361 2316 belli,
1762 2273 1845 2317 555

174 2340 399 2403 quamvis
438 2340 611 2391 Cirrha
647 2343 841 2400 domus,
881 2357 1078 2389 soceros
1114 2356 1207 2390 nee
1243 2338 1462 2389 tristibus
1497 2337 1619 2388 actis

175 2431 424 2472 aversatus
461 2432 562 2472 erat
579 2441 592 2484 ;
640 2439 875 2488 sponsam
911 2421 1032 2487 quin
1068 2429 1231 2471 castus
1266 2419 1453 2469 amanti

231 2566 310 2603 533
339 2554 498 2593 insessa
526 2553 614 2593 P1:
650 2554 815 2592 infensa
834 2553 896 2591 P2
1088 2565 1168 2603 534
1197 2553 1356 2592 inlatus
1384 2558 1510 2593 tenor
1527 2553 1573 2592 D
1762 2553 1844 2603 536

177 2615 335 2648 certum
358 2609 635 2659 indignantur
652 2608 694 2646 P
820 2609 902 2657 538
931 2607 1098 2647 tubidus
1117 2609 1164 2646 N
1286 2619 1367 2658 540
1395 2608 1580 2647 harenas
1597 2606 1641 2645 P
1762 2618 1840 2657 541

176 2663 294 2702 vultu
323 2663 367 2701 P
591 2675 669 2712 542
698 2668 915 2702 extremos
942 2662 986 2702 P
1200 2674 1280 2713 544
1310 2662 1467 2702 colenti
1495 2661 1564 2701 P:
1609 2661 1750 2715 coloni
1779 2658 1855 2702 aas*

178 2730 257 2768 545
288 2718 401 2757 cadit
420 2717 464 2755 D
486 2717 584 2758 Cod.
608 2717 753 2768 Magd.
894 2728 975 2766 550
1002 2717 1152 2767 positis
1170 2715 1451 2766 ΡΒΒΝΩΗΞ1
1471 2730 1481 2757 :
1508 2716 1711 2767 inspectis
1730 2714 1830 2766 S’Q

178 2784 257 2821 552
288 2773 412 2822 longe
435 2774 477 2822 (a
497 2773 726 2824 suprascr.)
750 2772 788 2822 Q
981 2784 1060 2821 553
1091 2784 1237 2812 musae
1257 2770 1379 2810 PDS
1595 2782 1674 2821 555
1703 2771 1788 2820 tyri
1807 2769 1854 2809 Ρ

178 2839 290 2866 nunc
310 2826 570 2877 Peyraredus
679 2838 757 2878 557
787 2827 1035 2866 adversatus
1053 2827 1101 2864 N
1115 2826 1202 2867 edd.
1295 2826 1397 2876 quin
1417 2824 1506 2865 Pet
1523 2826 1624 2865 coni.
1649 2825 1845 2865 Grotius:

180 2881 245 2919 cui
265 2881 333 2920 ωδ
351 2895 360 2920 :
389 2881 458 2920 cui
478 2883 592 2932 †atq.
617 2881 676 2933 (ε
688 2881 821 2935 atqui)
847 2881 944 2922 Cod.
968 2880 1113 2934 Magd.
1834 2883 1842 2889 ”
