1884 3204
962 79 1373 129 THEBAIDOS
1411 81 1625 128 LIBER
1661 83 1707 128 X

57 233 246 281 semper
280 214 454 280 erunt),
491 222 666 277 augete
701 213 892 262 animos
928 221 976 261 et
1012 214 1161 276 digna
1195 213 1426 263 secundis

54 307 252 365 pectora
285 297 404 345 ferte
439 294 558 344 deis.
632 293 758 342 iacet
793 291 955 341 omnis
989 293 1142 355 gloria
1177 295 1367 343 Lernae

54 376 441 442 praecipuaeque
476 390 680 423 manus:
728 372 877 421 subiit
912 372 1102 421 ultricia
1137 375 1338 436 Tydeus
1659 396 1706 434 ²5

54 459 265 517 Tartara,
306 458 443 504 Mors
479 453 692 503 subitam
728 452 902 516 integri
938 461 1102 516 stupet
1137 453 1331 517 auguris
1368 454 1608 513 umbram,

17 540 19 542 ’
55 539 280 588 Ismenos
315 535 462 598 raptis
498 543 655 583 tumet
692 533 1118 596 Hippomedontis
1155 533 1346 596 opimis,

54 617 246 672 Arcada
280 614 520 679 belligeris
556 615 712 678 pudet
746 615 1070 662 adnumerare
1110 607 1333 676 tropaeis.

54 697 105 766 in
140 695 364 745 manibus
401 710 600 754 merceS,
640 710 885 757 nusquam
922 693 1083 757 capita
1117 695 1271 743 ardua
1306 694 1424 743 belli

55 786 446 840 monstrataeque
481 777 666 824 ducum
702 783 906 838 septena
940 791 1027 838 per
1060 774 1258 838 agmina
1292 774 1465 824 cristae
1482 794 1494 837 3
1657 795 1711 836 30

53 857 236 912 scilicet
271 856 469 906 Adrasti
503 855 695 905 senium
731 857 974 918 fraterque
1009 855 1207 904 iuventa

54 937 189 1004 peior
223 948 271 987 et
306 937 489 986 insanis
526 938 789 1000 Capaneus
826 938 1122 986 metuendus
1158 936 1209 985 in
1244 936 1403 985 armis.

54 1018 119 1068 ite
152 1034 241 1082 age
277 1028 324 1067 et
360 1017 574 1067 obsessis
609 1016 806 1081 vigilem
842 1016 1144 1067 circumdate
1181 1019 1462 1067 flammam!

53 1098 172 1148 null'i
207 1116 270 1148 ex·
301 1101 442 1147 hoste
479 1107 668 1148 metus:
715 1098 948 1161 praedam
984 1097 1240 1147 asservatis
1276 1115 1497 1163 opesque

56 1179 151 1229 iam
187 1182 398 1229 vestras.'
467 1179 536 1228 sic
573 1179 653 1229 ille
688 1188 848 1227 truces
884 1178 1158 1228 hortatibus
1195 1179 1368 1243 implet
1658 1202 1709 1241 35

55 1259 375 1318 Labdacidas,
415 1260 548 1308 iuvat
583 1261 846 1309 exhaustos
882 1259 1055 1309 iterare
1090 1260 1296 1309 labores.

54 1341 178 1391 sicut
212 1350 349 1390 erant
385 1339 565 1404 (pulvis
602 1342 851 1404 sudorque
887 1357 1130 1403 cruorque
1165 1357 1252 1402 per
1287 1349 1419 1388 artus

54 1421 230 1471 mixtus
264 1420 464 1484 adhuc),
503 1429 688 1470 vertere
722 1422 930 1484 gradum
947 1438 962 1480 ,-
1007 1421 1086 1468 vix
1121 1419 1269 1469 obvia
1305 1420 1435 1484 passi

54 1501 327 1565 conloquia,
365 1503 618 1565 amplexus
655 1500 803 1550 etiam
841 1502 1135 1563 dextrasque
1172 1517 1374 1549 suorum

55 1600 306 1634 excussere
341 1581 534 1631 umeris.
608 1590 713 1630 tum
749 1583 961 1630 frontem
998 1598 1266 1645 aversaque
1302 1590 1437 1645 terga
1659 1604 1712 1642 40

53 1663 214 1730 partiti
248 1666 553 1726 laterumque
589 1662 737 1722 sinus,
776 1664 959 1711 vallum
995 1662 1216 1726 undique
1252 1662 1455 1727 cingunt

54 1745 246 1810 ignibus
281 1743 481 1793 infestis.
553 1742 711 1792 rabidi
747 1742 816 1792 sic
851 1742 1048 1806 agmine
1083 1745 1240 1791 multo

54 1826 146 1876 sub
181 1834 378 1875 noctem
414 1824 575 1874 coiere
610 1823 726 1888 lupi,
766 1840 891 1887 quos
927 1823 1159 1872 omnibus
1194 1823 1319 1887 agris

20 1899 24 1903 ⁵
54 1906 122 1956 nil
156 1923 257 1955 non
294 1922 412 1955 ausa
446 1907 599 1954 fames
634 1907 784 1967 longo
819 1903 1039 1954 tenuavit
1074 1904 1240 1953 hiatu:

55 1987 151 2036 iam
187 1987 379 2036 stabula
413 1985 519 2048 ipsa
553 1993 795 2048 premunt,
835 1993 1031 2048 torquet
1067 2001 1179 2048 spes
1215 1983 1359 2033 inrita
1395 1987 1574 2045 fauces,
1659 2006 1713 2046 45

55 2068 344 2130 balatusque
379 2076 593 2115 tremens
629 2065 935 2129 pinguesque
970 2065 1034 2114 ab
1071 2064 1281 2114 ovilibus
1317 2082 1463 2114 aurae
1481 2084 1495 2126 3

0 2136 2 2154 ὲ
55 2149 190 2212 quod
226 2156 459 2211 superest,
498 2146 631 2195 duris
666 2147 959 2209 adfrangunt
994 2145 1219 2209 postibus
1255 2146 1444 2210 unguis,

54 2239 350 2294 pectoraque
387 2238 435 2277 et
470 2227 627 2277 siccos
663 2227 892 2276 minuunt
927 2227 978 2275 in
1013 2226 1183 2276 limine
1219 2227 1394 2276 dentis.

0 2371 1 2384 χ
122 2313 189 2359 At
224 2312 395 2374 procul
430 2307 646 2372 Argolici
682 2310 887 2372 supplex
922 2307 974 2356 in
1010 2307 1228 2371 margine
1265 2308 1438 2372 templi

0 2387 2 2462 ζ
55 2402 225 2442 coetus
262 2401 310 2440 et
344 2392 408 2439 ad
444 2389 622 2453 patrias
657 2391 793 2438 fusae
830 2388 1123 2452 Pelopeides
1159 2406 1265 2437 aras
1661 2413 1712 2452 50

0 2553 2 2567 ι
110 2522 164 2559 26
191 2519 343 2569 integri
362 2518 515 2569 scripsi,
537 2518 583 2568 cs.
598 2517 750 2565 Journ.
769 2515 880 2556 Phil.
900 2517 1017 2555 xxix.
1040 2516 1136 2557 lviii.
1158 2531 1168 2556 ε
1190 2516 1299 2566 nigri
1319 2515 1428 2557 codd.
1453 2518 1568 2567 quod
1577 2523 1716 2557 vetant

0 2578 2 2618 j
34 2605 37 2608 -
56 2575 179 2615 etiam
198 2574 286 2613 viii.
305 2576 358 2622 63
388 2586 430 2612 x,
451 2585 530 2621 204
550 2585 589 2622 q.
603 2585 641 2612 v.
755 2583 805 2620 31
837 2571 1031 2610 iuventae
1052 2570 1091 2621 Q
1216 2583 1268 2620 32
1296 2571 1336 2609 in
1359 2572 1557 2611 saevisN
1660 2585 1713 2621 33

0 2623 3 2633 ¹
56 2642 135 2680 age
155 2629 220 2680 et]
242 2628 356 2677 agite
368 2627 512 2665 Menke
664 2625 926 2664 circumdare
945 2625 1068 2674 idem,
1088 2625 1134 2675 cs.
1158 2624 1214 2664 xi.
1237 2626 1317 2674 478
1465 2637 1516 2675 35
1543 2632 1716 2666 nostras

0 2697 3 2736 g>
55 2682 99 2723 A
119 2681 239 2734 (Cod.
266 2681 404 2733 Corp.)
560 2681 614 2728 36
642 2680 825 2718 tolerare
854 2678 898 2716 D
1057 2690 1109 2728 37
1140 2686 1276 2718 erant.
1315 2679 1455 2719 Pulvis
1486 2680 1719 2720 Markland

58 2738 224 2787 (puncto
249 2741 346 2787 post
377 2734 544 2774 labores
578 2733 671 2786 (36)
694 2733 818 2772 deleto
836 2738 875 2772 et
889 2733 934 2771 in
953 2735 1007 2782 38
1026 2734 1176 2774 adhuc.
1227 2734 1425 2786 Vertere)
1658 2747 1711 2785 37

0 2805 3 2828 l
56 2790 306 2841 interpunxit
322 2789 518 2828 Duebner
674 2788 727 2837 38
747 2787 799 2826 ad
820 2787 933 2826 hunc
951 2786 995 2825 P
1117 2801 1170 2836 40
1199 2792 1301 2826 tunc
1322 2787 1361 2838 Q
1498 2800 1550 2836 42
1571 2787 1714 2828 infesti

0 2870 2 2888 z
56 2843 182 2894 BKQ
307 2843 436 2882 multo
457 2841 500 2880 P
516 2857 525 2881 :
546 2842 677 2881 mixto
696 2841 764 2881 ωδ
863 2843 1000 2891 45—46
1019 2846 1172 2893 transp.
1189 2841 1233 2879 P
1355 2843 1409 2891 46
1437 2855 1538 2881 aure
1553 2841 1714 2893 (†agne

0 2906 3 2947 ζ
57 2897 282 2949 suprascr.)
296 2896 362 2936 P:
390 2909 501 2948 agne
522 2896 568 2948 (Ἰ-
584 2909 686 2936 aure
703 2897 929 2946 suprascr.)
950 2895 995 2934 D
1115 2909 1167 2946 47
1196 2895 1443 2946 adfringunt
1465 2896 1528 2947 Q:
1560 2897 1713 2937 astrin-

0 2970 5 3004 i
56 2957 160 3002 gunt
181 2950 306 3004 (cod.
324 2950 463 3004 Corp.)
485 2950 533 2990 A
683 2962 738 3000 50
756 2949 871 2990 susus
883 2949 926 2989 P
