1884 3204
920 90 1434 140 ·ACHILLEIDOS
1472 89 1687 138 LIBER
1724 91 1748 137 I

0 221 2 228 ⁸
86 227 254 278 attritu
289 237 338 278 et
372 227 518 292 pigris
553 229 745 278 addunt
780 227 1100 278 mucronibus
1135 227 1243 277 iras.
1664 248 1746 288 435

86 325 180 358 nec
215 310 394 358 modus
429 317 513 358 aut
547 325 687 358 arcus
722 310 907 357 lentare
941 318 1026 357 aut
1060 310 1267 358 fundere
1300 310 1504 372 glandes

84 398 170 438 aut
205 398 386 438 torrere
420 391 568 439 sudes
601 391 864 453 galeasque
898 391 1120 438 attollere
1155 389 1309 447 conis.

85 470 176 518 hos
211 469 338 519 inter
372 479 535 520 motus
569 470 756 534 pigram
790 469 943 534 gemit
977 486 1077 518 una
1110 470 1329 533 quietem

84 550 341 600 Thessalia
374 560 424 601 et
457 551 666 615 geminis
701 551 893 600 incusat
927 552 1028 599 fata
1061 553 1286 614 querelis,

39 629 42 631 ’
82 632 221 694 quod
256 631 419 681 senior
453 634 630 681 Peleus
666 649 759 682 nec
793 634 959 681 adhuc
995 642 1214 681 maturus
1250 632 1485 681 Achilles.
1664 653 1748 693 440

151 713 260 760 Iam
296 713 493 776 Pelopis
528 723 677 763 terras
713 713 1016 776 Graiumque
1051 715 1339 763 exhauserat
1373 714 1545 763 orbern

83 792 408 856 praecipitans
444 793 495 842 in
531 802 738 842 transtra
772 793 901 843 viros
935 793 1139 843 insanus
1175 811 1431 858 equosque

83 873 400 936 Bellipotens.
471 876 659 924 fervent
693 884 864 938 portus
900 884 949 924 et
983 885 1155 939 operta
1189 875 1365 924 carinis

81 962 253 1017 stagna
287 971 500 1018 suasque
535 956 724 1005 hiemes
759 955 927 1006 classis
963 966 1191 1020 promota
1225 973 1441 1020 suosque

80 1035 259 1084 attollit
293 1037 471 1085 fluctus
489 1054 503 1097 3
547 1036 710 1100 ipsum
746 1037 844 1086 iam
879 1038 1129 1102 puppibus
1163 1055 1350 1102 aequor
1665 1057 1745 1097 445

80 1115 249 1165 deficit
284 1125 334 1166 et
368 1126 499 1166 totos
534 1127 837 1168 consumunt
871 1119 1075 1168 carbasa
1108 1128 1298 1168 ventos.

147 1195 312 1245 Prima
346 1206 473 1247 rates
510 1201 710 1248 Danaas
747 1199 990 1249 Hecateia
1031 1207 1294 1263 congregat
1329 1198 1483 1258 Aulis,

79 1276 284 1340 rupibus
319 1279 552 1342 expositis
587 1279 822 1344 longique
856 1281 1109 1344 crepidine
1144 1280 1278 1329 dorsi

80 1357 363 1407 Euboicum
399 1362 643 1410 scandens
678 1362 821 1410 Aulis
856 1379 1002 1422 mare,
1041 1361 1183 1411 litora
1218 1363 1430 1411 multum

80 1438 390 1504 montivagae
425 1441 606 1491 dilecta
640 1443 777 1501 deae,
815 1442 1048 1506 iuxtaque
1084 1443 1371 1504 Caphereus
1657 1461 1744 1503 450

78 1521 308 1569 latratum
342 1523 518 1586 pelago
553 1524 731 1572 tollens
767 1532 930 1586 caput.
1002 1523 1084 1572 ille
1120 1525 1350 1587 Pelasgas

78 1609 132 1649 ut
166 1600 289 1650 vidit
323 1611 513 1652 tranare
548 1612 692 1665 rates,
726 1608 806 1653 ter.
833 1614 1004 1654 monte
1038 1613 1111 1654 ter
1145 1603 1292 1654 undis

77 1681 293 1731 intonuit
328 1700 601 1748 saevaeque
635 1685 774 1735 dedit
808 1685 1061 1750 praesagia
1095 1685 1270 1735 noctis.

0 1767 2 1770 ’
77 1772 248 1812 coetus
283 1763 353 1814 ibi
386 1782 635 1814 armorum
671 1767 850 1816 Troiae
884 1767 1056 1827 fatalis,
1095 1766 1165 1816 ibi
1199 1766 1372 1830 ingens

77 1843 262 1893 iuratur
296 1845 504 1907 bellum,>
534 1848 698 1897 donec
733 1850 807 1897 sol
841 1865 1036 1897 annuus
1078 1848 1240 1897 omnis
1660 1867 1740 1909 455

77 1927 344 1975 conficeret
377 1936 546 1976 metas.
619 1937 738 1977 tunc
773 1929 987 1992 primum
1024 1928 1232 1978 Graecia
1267 1927 1379 1976 viris

76 2009 411 2071 contemplata
444 2025 556 2057 suas
573 2027 587 2070 3
632 2018 751 2058 tunc
786 2026 954 2073 sparsa
986 2027 1045 2059 ac
1080 2009 1283 2059 dissona
1317 2010 1472 2058 moles

74 2087 128 2136 in
163 2105 342 2151 corpus
376 2091 666 2153 vultumque
700 2090 801 2140 coit
837 2101 886 2140 et
919 2108 1032 2154 rege
1067 2091 1159 2139 sub
1195 2107 1298 2139 uno

75 2167 315 2232 disposita
349 2180 436 2219 est.
507 2170 578 2220 sic
613 2188 761 2221 curva
795 2173 919 2221 feras
955 2172 1136 2235 indago
1172 2170 1367 2220 latentis

6 2290 8 2294 ,
76 2250 262 2300 claudit
295 2260 345 2300 et
378 2251 593 2301 admotis
627 2253 864 2316 paulatim
900 2253 1120 2302 cassibus
1155 2261 1294 2302 artat.
1656 2260 1741 2313 460

4 3007 13 3062 {-

16 2327 18 2330 ’
75 2329 187 2380 illae
222 2331 387 2396 ignem
423 2333 741 2397 sonitumque
775 2343 957 2398 pavent
992 2333 1250 2397 diffisaque
1284 2333 1516 2397 linquunt

27 2473 31 2476 γ
76 2412 186 2462 avia
220 2413 555 2478 miranturque
590 2432 734 2464 suum
770 2418 1053 2465 decrescere
1095 2424 1332 2474 montem,

131 2554 211 2592 435
241 2542 371 2594 pigris
388 2543 431 2582 P
445 2549 483 2582 et
498 2543 608 2584 codd.
630 2544 820 2584 Heinsii:
850 2545 980 2594 nigris
994 2545 1064 2584 Em
1187 2547 1268 2595 436
1297 2551 1363 2585 est
1383 2552 1457 2586 aut
1475 2545 1518 2584 E
1622 2545 1740 2595 glan-

79 2597 174 2636 dem
195 2596 237 2635 E
342 2598 423 2647 438
442 2611 526 2637 una
546 2598 612 2638 P:
640 2600 745 2638 hora
763 2600 805 2638 E
818 2600 883 2651 (ex
900 2599 1014 2651 Verg.
1030 2599 1138 2639 Aen.
1152 2613 1190 2638 v.
1212 2601 1292 2648 844
1308 2598 1351 2651 ἓ)
1376 2614 1385 2639 :
1412 2614 1487 2640 ora
1505 2600 1552 2639 K
1569 2614 1578 2639 :
1607 2614 1681 2640 ore
1703 2602 1742 2652 Q

79 2663 160 2700 439
179 2651 399 2691 Thessalia
418 2652 461 2690 P
478 2667 488 2692 ε
517 2653 736 2692 Thessalis
755 2654 826 2693 Εω
899 2667 981 2703 440
1001 2659 1130 2703 negat
1150 2654 1232 2693 huc
1252 2653 1296 2692 P
1375 2667 1452 2704 441
1476 2661 1682 2705 gratumq.
1704 2656 1743 2705 Q

76 2717 155 2754 442
183 2710 328 2745 transa
346 2706 412 2745 P:
441 2712 592 2746 trastra
611 2707 652 2745 E
758 2721 838 2758 444
867 2720 1129 2758 suasuasque
1148 2708 1191 2747 P
1301 2722 1380 2759 447
1409 2709 1511 2748 ratis
1530 2708 1573 2746 P
1588 2724 1597 2748 :
1624 2716 1738 2750 rates

77 2758 148 2798 Εω
283 2774 363 2810 449
390 2762 594 2800 scindens
612 2761 758 2801 Menke
892 2775 974 2812 450
1002 2763 1196 2812 iustaque
1216 2762 1258 2800 E
1399 2774 1477 2812 451
1510 2763 1738 2814 pelasgans

242 2826 323 2863 452
344 2816 528 2854 transire
547 2815 589 2853 E
714 2828 793 2866 455
812 2829 957 2856 amnes
976 2816 1018 2854 P
1141 2819 1222 2866 456
1241 2818 1479 2867 configeret
1496 2818 1538 2856 E
1658 2831 1737 2868 457

75 2879 134 2905 an
162 2867 338 2910 dissita?
502 2872 584 2919 458
604 2875 785 2920 cetumq.
808 2871 850 2909 E
1024 2883 1106 2921 459
1134 2871 1331 2921 deposita
1348 2872 1392 2910 P
1514 2878 1636 2911 torva
1653 2873 1738 2915 cod.

77 2920 249 2960 Bentleii
423 2926 505 2973 460
534 2925 725 2964 cassibus
760 2925 848 2963 ΕΚ
863 2939 873 2963 :
916 2925 1122 2964 classibus
1153 2925 1234 2974 ΡΩ
1409 2929 1486 2977 461
1517 2927 1738 2979 diffisaque

73 2975 242 3027 scn‘psi:
271 2976 503 3028 diffusaque
524 2978 635 3018 codd.
803 2982 883 3029 462
911 2979 1024 3021 avita
1042 2978 1111 3019 P:
1138 2993 1195 3022 an
1215 2980 1374 3022 ardua?

126 3040 242 3071 sra’r.
262 3042 367 3072 AcH.
1571 3035 1627 3075 24
