1884 3204
130 128 183 175 P.
223 126 464 175 ΡΑΡΙΝΙ
502 127 707 175 8ΤΑΤΙ

129 265 228 312 heu
264 263 525 313 dominum
561 263 724 313 insani
759 263 882 312 nihil
916 281 1160 329 agnovere
1197 263 1422 324 Molossi,

131 344 353 394 deflerim
390 344 560 407 magis,
597 354 683 393 aut
718 362 860 394 verso
896 347 1034 409 quod
1070 345 1308 409 sanguine
1343 344 1483 393 fluxit

130 425 182 473 in
218 425 409 475 subitos
444 424 612 488 regina
645 428 815 475 lacus:
862 426 932 475 sic
968 428 1092 476 dura
1127 429 1362 476 Sororum

131 523 285 569 pensa
320 507 508 555 dabant
542 506 802 570 visumque
839 507 963 556 Iovi.
1035 524 1171 556 nunc
1206 506 1330 570 regis
1366 505 1524 569 iniqui

132 588 198 636 ob
235 604 415 636 noxam
451 587 725 637 immeritos
762 588 948 652 patriae
983 598 1058 638 tot
1093 588 1312 637 culmina
1347 587 1467 636 civis

131 668 369 728 exuimus,
408 685 501 717 nec
534 671 701 718 adhuc
735 669 910 718 calcati
944 669 1155 719 foederis
1191 673 1350 732 Argos

131 751 264 798 fama
299 749 443 809 subit,
484 759 534 798 et
567 750 669 799 iam
704 751 949 799 bellorum
985 759 1202 800 extrema
1237 752 1480 800 dolemus.

133 839 348 894 quantus
384 830 524 894 equis
561 840 878 894 quantusque
912 831 1025 880 viris
1060 831 1113 879 in
1147 833 1347 895 pulvere
1383 846 1548 880 crasso

133 913 317 960 sudor!
365 911 415 960 io
452 912 625 975 quanti
661 914 861 961 crudele
897 912 1135 962 rubebitis
1170 915 1374 961 amnes!

132 992 309 1041 viderit
345 994 468 1041 haec
504 994 637 1042 bello
673 993 840 1042 viridis
877 1010 1088 1042 manus:
1134 1002 1210 1042 ast
1245 1010 1338 1056 ego
1374 994 1532 1041 doner

134 1075 254 1122 dum
291 1073 406 1122 licet
441 1073 554 1136 igne
590 1090 704 1123 meo
740 1083 966 1138 terraque
1001 1074 1243 1123 insternar
1277 1073 1464 1122 avita!'

133 1157 258 1204 haec
293 1155 470 1214 senior,
509 1157 823 1218 multumque
858 1157 996 1204 nefas
1030 1154 1248 1204 Eteoclis
1283 1162 1478 1203 acervat

133 1237 385 1285 crudelem
421 1236 782 1300 infandumque
816 1253 1001 1285 vocans
1036 1253 1324 1300 poenasque
1359 1237 1605 1285 daturum.

133 1318 268 1366 unde
304 1334 363 1366 ea
397 1317 634 1367 libertas?
678 1317 813 1366 iuxta
847 1317 918 1366 illi
953 1317 1065 1366 finis
1100 1326 1150 1366 et
1184 1326 1320 1366 aetas

134 1407 262 1447 torta
296 1409 439 1459 retro,
478 1416 714 1462 seraeque
751 1401 904 1448 decus
940 1398 1057 1448 velit
1092 1400 1278 1448 addere
1314 1397 1473 1448 morti.

204 1482 348 1530 Haec
385 1490 517 1530 sator
549 1490 792 1530 astrorum
828 1480 1122 1529 iamdudum
1158 1497 1186 1529 e
1220 1479 1402 1529 vertice
1437 1479 1612 1528 mundi

136 1571 458 1625 prospectans
494 1562 755 1626 primoque
790 1562 1007 1611 imbutas
1043 1561 1282 1625 sanguine
1316 1561 1475 1625 gentis

136 1642 409 1692 Gradivum
445 1643 592 1693 acciri
627 1660 836 1707 propere
871 1643 1022 1693 iubet.
1095 1642 1178 1692 ille
1212 1642 1416 1692 furentis

138 1723 368 1773 Bistonas
405 1734 453 1774 et
490 1725 689 1775 Geticas
725 1727 990 1789 populatus
1026 1725 1264 1774 caedibus
1299 1723 1435 1773 urbis

136 1805 363 1854 turbidus
398 1806 639 1855 aetherias
675 1824 843 1855 currus
879 1807 1084 1870 urgebat
1118 1808 1183 1855 ad
1218 1822 1368 1866 arces,

136 1886 342 1936 fulmine
378 1887 632 1936 cristatum
667 1890 836 1951 galeae
870 1888 1011 1937 iubar
1045 1904 1281 1951 armaque
1315 1887 1367 1935 in
1402 1903 1522 1936 auro

137 1967 304 2030 tristia,
343 1969 563 2017 terrificis
600 1979 932 2018 monstrorum
969 1969 1187 2018 animata
1222 1967 1402 2032 figuris,

1718 444 1796 487 205

1723 848 1801 878 210

1723 1255 1800 1296 215
1868 1299 1869 1302 Ἰ

1726 1659 1805 1690 220

137 2048 412 2098 incutiens:
461 2059 601 2098 tonat
635 2066 726 2100 axe
762 2052 906 2114 polus
943 2049 1188 2113 clipeique
1224 2058 1428 2098 cruenta
1726 2066 1803 2107 225

138 2133 220 2179 lux
255 2131 411 2190 rubet,
450 2140 499 2180 et
535 2133 691 2180 solem
727 2133 874 2195 longe
909 2131 1018 2181 ferit
1052 2133 1277 2180 aemulus
1312 2130 1458 2180 orbis.
1527 2141 1529 2143 ’

137 2215 272 2262 hunc
308 2212 394 2261 ubi
430 2213 727 2263 Sarmaticos
762 2213 1036 2263 etiamnum
1073 2214 1235 2262 efflare
1270 2213 1464 2262 labores

140 2293 364 2358 Iuppiter
399 2304 447 2343 et
483 2304 588 2343 tota
622 2296 874 2358 perfusum
910 2304 1113 2359 pectora
1147 2294 1265 2344 belli

137 2385 431 2439 tempestate
467 2375 631 2426 videt:
681 2376 846 2426 ‘Talis
883 2376 1019 2437 mihi,
1057 2385 1186 2436 nate,
1223 2393 1310 2439 per
1345 2378 1518 2439 Argos,

138 2458 248 2507 talis
284 2458 380 2518 abi,
420 2457 490 2506 sic
525 2474 643 2507 ense
679 2459 902 2517 madens,
940 2460 1034 2507 hac
1069 2457 1269 2507 nubilus
1303 2456 1387 2507 ira.
1727 2475 1807 2515 230

139 2541 399 2589 exturbent
434 2540 618 2589 resides
654 2542 818 2589 frenos
854 2549 903 2590 et
937 2549 1044 2589 tuta
1077 2538 1240 2604 perosi

139 2632 187 2671 te
223 2623 439 2686 cupiant,
477 2621 567 2671 tibi
601 2621 894 2686 praecipites
929 2621 1219 2685 animasque
1254 2637 1531 2684 manusque

141 2706 432 2764 devoveant,
472 2721 588 2769 rape
625 2703 904 2753 cunctantis
941 2713 989 2753 et
1025 2705 1228 2753 foedera
1262 2702 1440 2763 turba3

195 2847 275 2884 203
307 2835 411 2873 nihil
441 2835 507 2874 P:
551 2848 638 2874 non
668 2833 738 2873 ms
982 2847 1061 2883 207
1092 2832 1292 2885 culmina]
1330 2831 1566 2871 ‘subsidia’
1600 2830 1722 2870 schol.
1759 2829 1805 2868 D

141 2903 218 2929 211
253 2897 454 2939 quantum
483 2888 556 2928 D:
595 2894 840 2939 quantoque
873 2901 1023 2927 cruore
1064 2886 1237 2926 W·lkins
1483 2898 1562 2925 212
1592 2884 1733 2930 dones
1761 2885 1810 2923 N

141 2958 221 2994 214
249 2946 422 2983 acerbat
451 2944 543 2984 dett.
565 2943 796 2982 Heinsius:
824 2956 1001 2981 acervae
1031 2942 1074 2981 P
1279 2953 1356 2989 217
1387 2946 1500 2980 torta
1520 2939 1603 2980 cod.
1637 2938 1731 2978 Coll.
1751 2939 1801 2979 S.

141 2999 283 3039 Petri:
321 3005 408 3039 tota
437 2998 546 3037 PaeS
667 2999 796 3037 decus
816 2998 918 3036 velit
935 2997 998 3036 P:
1027 2996 1128 3035 velit
1148 2997 1280 3035 decus
1299 2995 1367 3035 ms
1530 3007 1611 3044 230
1639 2994 1718 3033 hac
1738 2992 1804 3033 P:

141 3067 191 3094 ac
212 3069 243 3092 ω
407 3066 484 3104 231
518 3058 609 3092 tuta
628 3053 798 3104 scripsi:
829 3057 982 3091 cuncta
1011 3051 1151 3091 codd.:
1180 3050 1321 3090 vincla
1349 3050 1517 3100 Bentley

1882 2171 1884 2178 .
1883 2107 1884 2110 „
1878 2067 1884 2089 ..ν
1875 1844 1884 2052 ι-..μῌ-.--εμει
