1884 3204
97 18 150 65 P.
193 18 434 67 PAPINI
472 19 678 71 STATI

95 175 180 207 ora
214 157 350 218 situs,
387 158 655 222 viridisque
690 158 846 208 comis
883 158 1130 209 exhorruit
1164 158 1322 209 umor.

94 239 317 303 protinus
354 239 587 290 Inachios
623 240 784 289 haurit
819 240 923 289 sitis
958 240 1103 304 ignea
1136 256 1374 304 campos:

94 321 331 384 diffugere
366 322 547 381 undae,
586 323 815 384 squalent
849 322 1112 385 fontesque
1147 323 1399 384 lacusque,
1679 337 1758 383 790
1798 323 1805 369 ἑ
1883 347 1884 357 2

94 411 143 450 et
177 418 297 451 cava
333 402 539 451 ferventi
574 404 843 451 durescunt
879 402 1085 451 flumina
1119 402 1253 450 limo.

91 498 235 546 aegra
270 485 377 532 solo
413 482 610 543 macies,
651 481 926 550 [tenerique
959 483 1012 531 in
1047 482 1234 546 origine
1269 481 1419 531 culmi

92 562 327 612 inclinata
362 562 539 631 segeS,]
576 566 843 628 deceptum
881 563 1100 628 margine
1136 563 1271 627 ripae

92 653 187 693 stat
221 661 388 708 pecus,
427 654 576 708 atque
610 644 770 694 amnis
806 654 1049 709 quaerunt
1083 654 1307 694 armenta
1341 653 1552 693 natatus.

92 725 162 775 sic
197 725 284 775 ubi
319 743 372 775 se
407 726 599 790 magnis
634 728 815 775 refluus
852 725 1122 790 suppressit
1158 725 1208 773 in
1244 725 1396 775 antris
1678 743 1759 790 705

93 806 237 856 Nilus
272 817 322 856 et
358 810 496 856 ane
531 806 770 870 liquentia
803 807 988 870 pabula
1023 807 1231 856 brumae

91 906 175 937 ore
211 887 407 951 premit,
441 889 634 936 fumant
669 889 893 937 desertae
928 887 1117 951 gurgite
1152 890 1304 937 valles

91 978 139 1017 et
174 968 324 1032 patris
359 967 542 1017 undosi
578 967 769 1017 sonitus
806 978 1058 1032 exspectat
1093 968 1260 1017 hiulca

90 1054 357 1114 Aegyptos,
397 1052 561 1099 donec
598 1049 789 1098 Phariis
824 1049 1061 1099 alimenta
1095 1059 1294 1114 rogatus

90 1133 245 1181 donet
278 1131 404 1195 agris
441 1148 779 1195 magnumque
815 1131 1020 1181 inducat
1056 1131 1301 1181 messibus
1337 1149 1538 1182 annum.
1681 1153 1760 1196 710

89 1223 193 1263 aret
228 1215 391 1263 Lerna
426 1230 628 1273 nocens,
665 1222 770 1262 aret
807 1213 1011 1277 Lyrcius
1047 1223 1096 1262 et
1131 1213 1305 1278 ingens

92 1297 309 1344 Inachus
345 1297 717 1358 advolvensque
752 1294 974 1344 natantia
1000 1311 1124 1344 saxa
1160 1296 1444 1346 Charadrus

90 1386 139 1425 et
174 1393 449 1440 numquam
485 1375 536 1424 in
573 1375 689 1440 ripis
724 1378 887 1425 audax
925 1376 1161 1426 Erasinus
1198 1386 1247 1426 et
1282 1393 1472 1440 aequus

90 1458 322 1507 fluctibus
360 1456 625 1507 Asterion:
674 1457 756 1507 ille
791 1459 891 1506 alta
924 1474 1014 1521 per
1048 1457 1158 1507 avia
1193 1467 1341 1507 notus

89 1539 249 1589 audiri
284 1548 333 1588 et
368 1541 516 1603 longe
551 1548 806 1603 pastorum
848 1556 1077 1603 rumpere
1118 1555 1336 1588 somnos.
1683 1558 1758 1602 715
1836 1603 1837 1606 Ἴ

156 1623 271 1669 Vna
307 1629 474 1671 tamen
511 1619 660 1669 tacita
699 1619 806 1678 (sed
842 1619 978 1669 iussu
1015 1620 1258 1686 numinis)
1295 1622 1430 1669 unda

89 1711 228 1766 rapta
262 1700 397 1774 fugit¹
425 1700 753 1750 Phaethontis
789 1718 947 1764 equos
985 1718 1322 1766 magnumque
1356 1703 1598 1764 laborem,

89 1786 213 1833 haec
249 1800 452 1847 quoque
488 1792 676 1832 secreta
712 1781 886 1847 (nutrit
922 1783 1133 1847 Langia)
1167 1785 1260 1833 sub
1298 1784 1488 1833 umbra.
1545 1813 1552 1820 ·

90 1867 318 1914 nondum
355 1864 425 1913 illi
461 1873 630 1927 raptus
666 1866 874 1914 dederat
908 1864 1211 1914 lacrimabile
1246 1882 1433 1915 nomen

88 1949 426 1995 Archemorus
461 1962 556 1995 nec
591 1947 723 1994 fama
758 1946 919 2006 deae,
966 1954 1134 1995 tamen
1170 1945 1280 1995 avia
1315 1956 1475 1996 servat
1681 1968 1761 2011 7²0
1836 1988 1839 1989 γ

90 2038 138 2077 et
174 2044 352 2077 nemus
389 2036 439 2076 et
474 2026 715 2088 fluvium3
755 2019 930 2076 ‘manet
965 2026 1141 2091 ingens
1175 2027 1329 2092 gloria
1363 2030 1649 2093 nympham,

143 2159 224 2204 698
253 2157 406 2196 horror
426 2156 620 2208 (†umor)
642 2155 687 2194 D
880 2169 1069 2207 702—703
1097 2158 1215 2196 verba
1235 2158 1354 2197 uncis
1371 2158 1530 2198 inclusa
1549 2159 1699 2200 desunt
1715 2161 1759 2200 in
1844 2183 1845 2186 =

88 2211 339 2262 PBKQAS
350 2218 416 2263 pr.
441 2225 514 2259 m.,
535 2216 700 2250 exstant
717 2212 761 2250 in
781 2211 874 2250 DN
888 2217 924 2250 et
942 2226 1077 2264 marg.
1101 2212 1139 2252 S
1239 2226 1318 2263 704
1345 2214 1482 2252 amnis
1501 2214 1671 2265 DQBA
1694 2210 1763 2267 (ex

88 2280 238 2306 omnes
260 2280 358 2306 corr.
380 2266 439 2317 B)
459 2281 468 2306 :
503 2279 651 2305 amnes
675 2266 760 2305 ΡΝ
863 2272 1032 2306 natatus
1054 2266 1268 2317 PDQBA
1298 2271 1450 2319 (natat’
1472 2268 1530 2318 B)
1552 2283 1563 2309 ε
1591 2276 1761 2310 natatos
1785 2301 1787 2304 -
1844 2307 1846 2309 ,

88 2321 136 2359 Ν
150 2321 253 2372 (οἶαί,
277 2321 324 2359 de
343 2320 423 2360 ΚΞ
443 2334 527 2359 non
547 2321 676 2370 liquet
853 2333 930 2371 705
960 2322 1247 2372 suppresserit
1274 2322 1408 2361 antris
1430 2323 1508 2361 ΡΑ
1678 2337 1755 2374 711

88 2389 251 2415 nocens
272 2382 314 2414 et
335 2376 492 2425 lyrcius
510 2381 602 2414 aret
622 2382 667 2414 et
685 2375 725 2414 P
793 2374 954 2426 lyrcius
972 2375 1015 2414 P
1030 2376 1222 2415 Prisa'an
1245 2390 1255 2416 ε
1283 2376 1453 2427 lyrceus
1474 2377 1638 2429 B,fort.
1664 2376 1760 2432 recte
1837 2407 1844 2410 -

93 2431 159 2469 ‘in
180 2430 430 2480 quibusdam
451 2431 622 2479 lyrceus
641 2430 839 2481 reperitur
854 2430 1052 2469 codicibus
1070 2432 1269 2481 scriptum
1282 2431 1292 2446 ’
1313 2430 1501 2471 Priscian
1681 2446 1759 2483 712

90 2486 406 2534 adverrensque
424 2485 491 2526 B:
514 2485 841 2534 advernensque
862 2486 903 2536 (r
919 2492 1011 2536 sup.
1035 2499 1062 2523 n
1077 2486 1208 2537 prior.
1229 2486 1326 2537 scr.)
1349 2486 1389 2536 Q
1406 2499 1416 2525 ε
1443 2486 1758 2538 advolvensque
1840 2528 1844 2542 ζ

92 2540 478 2592 (†adverrensque)
501 2539 544 2578 D
688 2551 765 2588 714
797 2539 1000 2579 fructibus
1021 2539 1155 2590 QB³L
1295 2543 1371 2590 716
1399 2541 1524 2580 tacita
1544 2573 1553 2582 .
1574 2571 1585 2581 .
1611 2573 1621 2582 .
1643 2543 1757 2583 unda

89 2595 258 2645 scripsi:
288 2594 441 2634 tacitas
460 2623 471 2634 .
495 2623 506 2634 .
530 2625 539 2634 .
564 2595 702 2633 undas
721 2593 833 2634 codd.
1002 2607 1077 2644 717
1106 2598 1240 2633 exstat
1257 2594 1300 2633 in
1319 2596 1420 2633 solis
1438 2595 1524 2634 PD
1544 2600 1599 2645 (et
1617 2610 1752 2648 marg.

91 2662 162 2687 rec.
182 2662 238 2688 m.
255 2649 320 2701 A)
357 2658 362 2662 ·
432 2654 551 2699 rapta
571 2648 638 2688 P:
666 2653 764 2698 apta
780 2648 825 2687 D
843 2653 881 2687 et
898 2662 1033 2700 marg.
1054 2649 1096 2687 A
1203 2648 1308 2698 sugit
1323 2650 1492 2701 sempsi:
1522 2650 1754 2702 ruiteodd„

89 2703 136 2752 cf.
162 2702 290 2742 Class.
315 2703 418 2742 Rem
442 2703 555 2743 xviii.
582 2715 600 2741 1
678 2703 935 2754 longumque
955 2717 1090 2755 marg.
1114 2703 1157 2742 A
1246 2704 1453 2754 Raptarat
1475 2705 1756 2746 Phaethontis
1822 2720 1827 2727 2

89 2770 202 2808 equo
223 2770 462 2807 magnoqu„²
483 2758 630 2797 labore
650 2756 827 2797 Mueller
1000 2771 1080 2809 719
1109 2758 1286 2798 dederat
1306 2766 1452 2809 raptus
1469 2758 1517 2798 N
1676 2773 1751 2810 721
1826 2787 1829 2788 ν

91 2811 241 2851 ssuvifis
262 2812 355 2865 (sic)
378 2813 417 2863 Q
