1884 3204
144 45 202 92 P.
234 44 487 94 PAPINI
522 45 728 99 STATI

146 181 266 231 texit
301 192 350 232 et
385 200 415 232 a
451 182 631 233 misero
667 192 875 234 matrem
910 184 1166 235 submovit
1202 187 1392 237 Oreste.

145 262 227 312 hic
261 265 409 327 vulgo
444 273 750 314 monstrante
787 267 959 315 locum*
992 283 1168 315 manus
1203 267 1348 316 anxia
1383 269 1575 316 Lernae

145 343 429 404 deveniunt,
468 346 655 394 cedunt
690 345 980 395 miserorum
1017 348 1161 396 turba
1195 347 1426 410 priorum.

142 424 223 473 vix
256 424 339 484 ibi,
379 425 561 474 sedatis
597 426 883 489 requierunt
918 436 1121 490 pectora
1155 428 1316 478 curis:

142 521 235 554 ceu
270 505 428 568 patrio
464 522 611 570 super
644 509 743 556 alta
776 524 919 570 grues
955 507 1209 570 Aquilone
1245 510 1441 572 fugatae
1727 527 1808 570 515

141 603 256 636 cum
291 586 459 636 videre
495 589 706 647 Pharon,
746 597 867 637 tunc
903 590 1104 637 aethera
1138 588 1284 637 latius
1319 588 1542 650 implent,
1852 596 1858 600 '

140 677 261 716 tunc
296 667 437 716 hilari
472 670 702 731 clangore
738 677 951 727 sonant3
1003 668 1139 716 iuvat
1174 668 1295 716 orbe
1330 684 1506 717 sereno

139 747 497 810 contempsisse
532 747 670 797 nives
706 756 755 796 et
790 747 970 810 frigora
1004 749 1193 796 solvere
1230 747 1362 796 Nilo.

207 828 418 890 Iamque
453 829 632 876 domos
667 826 848 890 patrias
884 827 1146 890 Scythicae
1181 836 1294 891 post
1328 844 1502 891 aspera
1534 827 1694 891 gentis
1866 890 1868 892 v

136 906 323 968 proelia
358 907 598 970 laurigero
634 908 934 956 subeuntem
970 909 1169 956 Thesea
1203 924 1346 956 curru
1627 964 1630 966 ,
1721 928 1805 969 5²0
1868 900 1873 953 ,Ῑ

136 986 334 1036 laetifici
368 989 568 1050 plausus
605 987 884 1050 missusque
919 989 984 1037 ad
1021 987 1183 1037 sidera
1217 987 1348 1052 vulgi

135 1069 322 1116 clamor
357 1077 405 1116 et
441 1067 656 1117 emeritis
692 1067 859 1116 hilaris
896 1069 1018 1117 tuba
1052 1067 1247 1116 nuntiat
1282 1068 1442 1117 armis.

135 1157 250 1197 ante
286 1150 467 1197 ducem
503 1148 662 1212 spolia
697 1158 760 1209 et,
799 1149 910 1199 duri
947 1149 1189 1198 Mavortis
1225 1149 1402 1212 imago,

133 1228 337 1292 virginei
373 1246 541 1278 currus
577 1231 929 1292 cumulataque
965 1231 1150 1279 fercula
1185 1229 1342 1278 cristis

135 1318 183 1358 et
219 1309 378 1359 tristes
414 1311 664 1359 ducuntur
698 1309 814 1372 equi
850 1319 1155 1372 truncaeque
1190 1309 1447 1373 bipennes,
1723 1330 1802 1372 5²5

133 1389 243 1453 quis
280 1407 485 1439 nemora
519 1399 569 1439 et
604 1390 814 1439 solidam
852 1390 1111 1439 Maeotida
1145 1392 1353 1440 caedere
1388 1398 1570 1450 suetae,

133 1470 387 1534 corytique
422 1473 553 1520 leves
588 1479 845 1534 portantur
880 1480 929 1520 et
963 1471 1108 1534 ignea
1142 1470 1350 1534 gemmis

132 1550 329 1615 cingula
363 1560 412 1600 et
446 1550 681 1600 informes
718 1550 1033 1600 dominarum
1072 1550 1312 1614 sanguine
1351 1552 1527 1613 peltae.

131 1631 269 1695 ipsae
303 1641 469 1680 autem
505 1633 732 1680 nondum
768 1631 989 1695 trepidae
1025 1649 1258 1681 sexumve
1293 1634 1524 1692 fatentur,

131 1729 225 1762 nec
260 1714 458 1775 vulgare
493 1721 698 1775 gemunt
732 1722 1157 1775 aspernanturque
1192 1711 1393 1775 precari,
1717 1729 1799 1771 530
1852 1735 1867 1754 -κ

132 1802 181 1842 et
216 1802 409 1841 tantum
444 1792 683 1855 innuptae
719 1802 963 1854 quaerunt
999 1793 1206 1842 delubra
1242 1792 1511 1841 Minervae.

130 1873 317 1936 primus
352 1890 492 1921 amor
526 1872 681 1922 niveis
717 1872 955 1922 victorem
992 1889 1191 1922 cernere
1226 1881 1425 1921 vectum

130 1953 432 2017 quadriiugis
448 1972 462 2014 3
514 1970 608 2002 nec
643 1970 747 2002 non
781 1955 997 2017 populos
1032 1953 1084 2001 in
1121 1961 1279 2002 semet
1313 1952 1517 2016 agebat.

131 2035 421 2098 Hippolyte,
459 2034 558 2083 iam
592 2034 779 2083 blanda
811 2050 962 2097 genas
997 2033 1292 2096 patiensque
1328 2032 1487 2080 mariti

128 2115 354 2165 foederis.
427 2116 558 2163 hanc
592 2113 776 2178 patriae
811 2114 930 2162 ritus
965 2113 1164 2177 fregisse
1200 2129 1395 2162 severos
1714 2130 1792 2172 535

127 2196 360 2245 Atthides
397 2195 599 2258 oblique
635 2211 805 2243 secum
841 2194 1079 2243 mirantur
1113 2203 1286 2257 operto

129 2293 397 2336 murmure,
431 2277 569 2339 quod
604 2274 749 2324 nitidi
784 2274 961 2335 crines,
997 2276 1134 2338 quod
1169 2283 1371 2337 pectora
1405 2273 1536 2336 palla

127 2368 232 2407 tota
266 2360 433 2416 latent,
472 2355 663 2419 magnis
700 2346 837 2418 quod
873 2355 1081 2404 barbara
1117 2363 1273 2403 semet
1309 2351 1519 2401 Athenis

127 2437 332 2487 misceat
366 2447 516 2500 atque
551 2435 683 2485 hosti
718 2435 883 2484 veniat
918 2434 1156 2498 placitura
1193 2433 1383 2482 marito.

180 2578 260 2616 512
292 2565 388 2605 Huc
407 2564 474 2603 P:
504 2564 555 2603 hc
577 2564 799 2614 (suprascr.
833 2562 933 2610 hac)
965 2561 1033 2599 D:
1063 2561 1173 2599 hune
1192 2559 1366 2609 BKQN
1523 2558 1786 2608 513*cedunt
1841 2583 1847 2612 ¹5

124 2620 404 2659 Kohlmann:
434 2620 619 2658 caedunt
636 2617 698 2656 P:
728 2617 867 2655 caedit
881 2615 963 2654 ΚΞ
981 2630 990 2654 :
1021 2615 1133 2654 cedit
1150 2612 1325 2663 BDQN
1444 2624 1524 2662 514
1553 2613 1783 2663 interpunx.
1834 2627 1835 2630 ’

124 2675 261 2713 Barth
346 2685 424 2722 517
455 2674 570 2711 iubat
588 2671 630 2710 P
716 2682 796 2720 520
823 2683 945 2709 cursu
966 2669 1005 2719 Q
1088 2680 1166 2717 527
1199 2667 1435 2716 Goritiique
1454 2666 1496 2704 P
1581 2678 1662 2715 529
1691 2678 1785 2705 sex·
1834 2681 1839 2723 j

124 2741 250 2767 umve
269 2726 482 2766 BDKNS
498 2741 508 2766 :
537 2738 725 2775 sexuque
744 2725 825 2774 ΡΩ
918 2734 1108 2773 530-539
1135 2736 1219 2761 om.
1242 2721 1280 2760 S
1372 2732 1449 2770 531
1480 2719 1660 2770 tantum]
1685 2725 1786 2760 tune
1831 2724 1835 2771 ]

123 2782 192 2820 N:
222 2789 364 2821 tamen
386 2781 428 2818 A
538 2782 620 2830 536
648 2779 852 2817 Alchides
873 2777 926 2815 Pl
949 2778 1026 2829 (in.
1048 2789 1183 2827 marg.
1202 2776 1258 2814 al.
1277 2789 1335 2814 m.
1350 2775 1522 2823 attides)
1613 2773 1784 2823 oblique
1822 2823 1832 2835 y

123 2835 316 2885 PDKQ:
359 2835 484 2883 obliq.
521 2835 589 2872 N:
627 2834 819 2882 obliquae
848 2831 891 2870 B
1053 2842 1134 2879 539
1163 2829 1368 2879 placitura
1392 2827 1458 2865 P:
1496 2827 1682 2877 paritura
1715 2824 1786 2885 ms

126 2890 254 2941 (anne
271 2888 478 2927 Latinum
496 2889 544 2939 Ζ),
566 2888 613 2937 cf.
643 2887 787 2927 Tibull.
807 2885 847 2924 ii.
872 2897 910 2935 5.
934 2896 982 2934 51
1007 2885 1079 2923 ubi
1094 2884 1283 2935 paritura
1303 2882 1405 2922 com'.
1427 2881 1624 2932 Postgate
1734 2894 1738 2895 ⁷
1767 2887 1774 2894 ‘
1875 2895 1878 2898 >
