1884 3204
894 86 1306 135 THEBAIDOS
1344 87 1559 134 LIBER
1595 87 1698 134 VII

51 231 271 301 protinus
305 230 375 280 ira
409 227 581 288 minor,
619 228 935 292 gaudentque
970 225 1021 274 in
1057 242 1262 289 corpore
1297 234 1443 289 capto

51 329 270 366 securam
305 309 495 361 differre
530 311 742 358 famem:
789 307 858 356 sic
894 309 1018 356 flexa
1055 309 1315 370 Pelasgum

51 395 200 446 corda
233 393 413 452 labant,
450 390 658 454 ferrique
693 389 865 439 avidus
901 398 1240 437 mansueverat
1274 389 1431 437 ardor.

118 477 234 539 Ipse
269 473 415 523 etiarn
449 481 564 520 ante
600 469 761 520 omnis
797 486 931 518 nunc
967 468 1133 518 matris
1169 471 1233 518 ad
1270 470 1438 518 oscula
1474 483 1652 526 versus,

51 571 184 607 nunc
218 553 351 603 rudis
389 555 627 613 Ismenes,
663 568 796 600 nunc
832 550 1073 599 flebiliora
1106 548 1351 613 precantis
1624 568 1702 608 535

50 627 322 699 Antigones
359 631 607 699 (variaque
642 631 863 680 animum
900 631 1129 679 turbante
1164 630 1380 693 procella

50 715 293 767 exciderat
328 714 568 778 regnum),
608 712 744 777 cupit
780 712 862 772 ire,
902 721 951 761 et
988 711 1118 760 mitis
1154 712 1395 760 Adrastus

49 812 149 847 non
184 804 349 855 vetat3
397 793 477 842 hic
513 793 669 843 iustae
707 795 908 858 Tydeus
945 810 1142 868 memor
1170 800 1382 855 occupat
1419 790 1547 839 irae:

50 879 171 927 ‘Me
205 860 383 940 potius,
421 866 555 936 socii,
595 873 679 939 qui
715 871 900 924 fidum
909 876 1144 923 Eteoclea
1179 890 1336 938 nuper

48 966 273 1022 expertus
311 956 424 1022 (nec
460 958 604 1005 frater
639 955 812 1022 eram),
848 973 928 1005 me
965 955 1202 1019 opponite
1238 954 1351 1018 regi,
1624 972 1706 1013 540

47 1033 186 1089 cuius
221 1039 385 1086 adhuc
421 1054 594 1101 pacem
631 1036 873 1101 egregiam
911 1045 959 1086 et
994 1037 1128 1086 bona
1163 1037 1363 1085 foedera
1397 1042 1536 1098 gesto

49 1128 247 1184 pectore
282 1118 331 1166 in
369 1119 478 1166 hoc.
552 1117 638 1167 ubi
674 1128 792 1166 tunc
828 1117 945 1167 fidei
961 1117 1216 1192 §pacisque
1253 1125 1503 1180 sequestra

50 1207 205 1248 mater
239 1215 357 1259 eraS,
395 1198 612 1261 pulchris
649 1215 762 1247 cum
800 1215 878 1247 me
915 1214 1013 1246 nox
1048 1207 1206 1246 vestra
1243 1206 1430 1245 morata
1466 1205 1539 1244 est

49 1279 313 1343 hospitiis?
359 1295 539 1342 nempe
575 1281 697 1328 haec
733 1278 882 1327 trahis
917 1280 981 1327 ad
1018 1277 1315 1327 commercia
1350 1279 1559 1325 natum?
1598 1267 1600 1269 ’

49 1361 148 1411 duc
182 1359 319 1408 illum
354 1358 404 1407 in
441 1375 686 1422 campum,
725 1368 886 1408 vestro
923 1357 1007 1421 qui
1043 1358 1281 1421 sanguine
1315 1357 1510 1421 pinguis
1627 1376 1702 1418 545

49 1439 197 1504 spirat
231 1441 394 1488 adhuc
429 1438 722 1502 pinguisque
758 1456 883 1488 meo.
958 1448 1010 1487 tu
1046 1455 1191 1502 porro
1227 1437 1457 1501 sequeris,

38 1522 150 1586 ⁴heu
186 1519 390 1569 nimium
428 1519 559 1568 mitis
596 1519 904 1583 nimiumque
940 1519 1094 1568 oblite
1130 1521 1364 1568 tuorum?

51 1601 234 1651 scilicet
268 1600 472 1650 infestae
507 1617 621 1649 cum
658 1610 706 1649 te
742 1601 925 1649 circum
962 1600 1183 1664 undique
1219 1602 1418 1649 dextrae

49 1681 308 1732 nudabunt
343 1681 486 1741 ensis,
523 1683 647 1730 haec
682 1681 819 1730 flebit
854 1691 903 1731 et
937 1698 1072 1729 arma
1107 1681 1402 1744 quiescent?

50 1771 164 1813 tene
197 1762 292 1823 ille,
330 1763 427 1811 heu
464 1763 683 1823 demens,
723 1754 876 1811 semel
911 1762 1037 1811 intra
1073 1762 1272 1811 moenia
1307 1763 1532 1811 clausum
1629 1778 1709 1821 55ο

24 1859 430 1908 ,possessumque
466 1842 592 1892 odiis
628 1843 809 1907 Argiva
845 1841 896 1892 in
933 1852 1089 1892 castra
1123 1842 1373 1892 remittet?

49 1932 164 1973 ante
198 1925 320 1972 haec
356 1940 560 1972 excusso
595 1925 874 1973 frondescet
909 1926 1081 1973 lancea
1114 1925 1254 1983 ferro,

51 2005 266 2073 Inachus
301 2012 416 2052 ante
450 2013 578 2052 retro
614 2014 878 2068 nosterque
913 2006 1164 2054 Achelous
1199 2003 1369 2053 abibit.

51 2086 139 2134 sed
175 2083 293 2133 mite
327 2083 614 2147 adloquium
651 2094 699 2133 et
735 2084 890 2134 saevis
926 2102 1020 2148 pax
1056 2085 1302 2148 quaeritur
1336 2084 1513 2134 armis:

52 2166 175 2215 haec
210 2181 409 2228 quoque
444 2173 600 2213 castra
634 2174 817 2228 patent,
855 2169 1072 2215 necdum
1109 2183 1328 2215 meruere
1364 2165 1536 2215 timeri.
1628 2185 1706 2228 555

52 2262 116 2294 an
152 2255 407 2308 suspectus
443 2248 574 2308 ego?
620 2247 838 2296 abscedo
874 2256 922 2296 et
958 2264 1068 2296 mea
1102 2249 1304 2296 vulnera
1339 2248 1487 2296 dono.

51 2325 226 2374 intret:
275 2334 323 2374 et
358 2325 439 2374 hic
473 2326 692 2389 genetrix
727 2329 901 2377 eadem
938 2327 1231 2391 mediaeque
1267 2344 1471 2377 sorores.

52 2407 181 2470 finge
215 2415 380 2454 autem
416 2406 570 2470 pactis
607 2407 818 2456 evictum
857 2410 1094 2457 excedere
1130 2408 1302 2472 regniS‚

50 2503 230 2550 nempe
265 2486 441 2535 iterum
477 2489 654 2537 reddes
674 2490 721 2536 ?'
768 2506 932 2538 rursus
969 2499 1158 2541 mutata
1193 2491 1453 2538 trahuntur

39 2566 246 2631 >agmina
281 2567 532 2616 consiliis:
591 2569 754 2618 subito
790 2587 882 2618 ceu
918 2570 1113 2619 turbine
1151 2570 1273 2619 caeli
1628 2578 1712 2631 560

105 2707 180 2746 531
213 2696 255 2734 in
276 2708 452 2745 corpore
473 2703 599 2746 capto
623 2698 839 2749 (suprascr.
863 2711 1011 2737 cruore
1033 2702 1226 2750 recepto)
1250 2700 1323 2739 D.
1364 2713 1512 2740 cruore
1539 2683 1711 2752 recepto

129 2803 193 2843 <us
213 2750 594 2843 1253411233'51‘12552
614 2751 1026 2857 (ἓὲἓέῗδυῗῗίνΝρ
1046 2753 1094 2793 de
1111 2754 1192 2847 [ξς
1203 2755 1459 2861 ζςῗᾝηέἷέο
1475 2810 1518 2849 A
1631 2768 1710 2806 5³⁵

54 2813 182 2898 {bibit
199 2857 312 2898 PA:
338 2859 513 2898 abibunt
532 2858 601 2899 ωδ
728 2872 843 2911 557
873 2861 954 2900 huc
974 2862 1019 2900 D
1065 2820 1116 2858 54
1171 2822 1259 2913 8558
1286 2822 1419 2914 palgtis
1440 2877 1522 2905 om.
1545 2864 1590 2904 D
1630 2823 1711 2861 553
