1884 3204
109 115 165 162 P.
202 114 444 164 PAPINI
481 116 687 165 STATI

107 253 311 303 admota
344 255 603 317 deprendo
638 258 828 304 manu?
885 244 955 304 nil
989 255 1192 305 foedere
1227 264 1375 320 rupto

108 335 399 385 conubiisve
434 337 582 400 super
616 352 820 386 moveor
855 336 1105 400 viduaque
1141 336 1355 398 iuventa,
1700 359 1781 400 340

107 415 198 464 etsi
233 418 416 466 crudus
451 434 592 466 amor
626 419 843 466 necdum
879 425 992 481 post
1026 419 1259 468 flammea
1292 418 1384 468 toti

107 497 363 561 intepuere
398 497 524 546 tori:
567 506 652 546 tua
687 515 785 557 me,
820 498 1099 560 properabo
1134 499 1289 560 fateri,

107 578 277 642 tangit,
314 588 494 638 amate,
535 581 682 629 salus,
754 588 875 629 tune
910 579 1245 642 incomitatus,
1283 580 1486 631 inermis

106 676 256 723 regna
289 669 428 723 petes
444 662 468 709 ?
511 660 797 724 poterisque
831 660 929 709 tuis
964 662 1208 711 decedere
1242 663 1448 724 Thebis,

105 739 146 788 si
181 743 365 803 neget?
408 750 560 804 atque
594 741 735 790 illum
771 743 941 791 sollers
978 743 1287 806 deprendere
1322 761 1519 808 semper
1695 761 1776 808 345

107 822 260 869 Fama
295 823 449 871 duces
484 822 733 872 tumidum
769 832 932 873 narrat
966 834 1208 889 raptoque
1243 827 1513 890 superbum

106 901 460 966 difficilemque
495 903 620 952 tibi:
668 906 887 954 necdum
923 907 1287 971 consumpserit
1321 925 1525 957 annum.

106 1000 188 1033 me
222 1000 424 1047 quoque
459 1002 596 1035 nunc
630 995 781 1046 vates,
820 1004 957 1036 nunc
991 996 1103 1037 exta
1138 987 1379 1038 minantia
1413 988 1558 1039 divos

103 1074 190 1114 aut
225 1065 390 1114 avium
426 1068 594 1131 lapsus
629 1076 715 1117 aut
750 1067 952 1118 turbida
985 1070 1149 1119 noctis
1184 1069 1352 1135 imago

103 1156 265 1207 terret,
292 1156 341 1197 et
364 1164 411 1210 a,
435 1148 656 1210 memini,
685 1166 962 1213 numquam
995 1150 1119 1200 mihi
1143 1153 1265 1201 salsa
1289 1169 1377 1216 per
1400 1153 1603 1202 umbras
1696 1174 1777 1216 350

106 1231 238 1278 Iuno
272 1229 420 1279 venit.
494 1247 597 1294 quo
632 1231 798 1281 tendis
832 1231 961 1282 iter?
1007 1232 1059 1281 ni
1095 1233 1325 1282 conscius
1361 1236 1509 1283 ardor

104 1309 242 1360 ducit
277 1319 327 1360 et
360 1313 427 1361 ad
461 1313 665 1362 Thebas
700 1313 876 1362 melior
909 1316 1080 1364 socer.'
1149 1314 1231 1364 hic
1267 1315 1414 1365 breve
1450 1318 1653 1366 tandem

103 1391 207 1441 risit
244 1392 519 1443 Echionius
554 1393 746 1444 iuvenis
782 1404 1112 1460 tenerumque
1145 1397 1371 1445 dolorem

103 1473 330 1537 coniugis
364 1477 597 1539 amplexu
633 1478 822 1525 solatus
857 1485 906 1525 et
941 1479 1112 1526 oscula
1148 1476 1350 1527 maestis

105 1555 399 1620 tempestiva
431 1557 572 1620 genis
606 1557 772 1622 posuit
805 1557 1132 1623 lacrimasque
1166 1559 1425 1623 repressit:
1698 1580 1779 1623 355

108 1642 120 1663 ‘
139 1639 288 1688 Solve
322 1647 487 1688 metus
520 1639 719 1689 animo:
767 1639 981 1701 dabitur,
1019 1640 1142 1689 mihi
1178 1642 1338 1702 crede,
1378 1650 1658 1691 merentum
1757 1649 1762 1654 '

104 1719 325 1769 consiliis
357 1720 623 1784 tranquilla
657 1721 765 1771 dies
781 1740 796 1784 3
849 1731 900 1771 te
932 1721 1104 1771 fortior
1135 1722 1282 1772 annis

106 1802 333 1851 nondum
369 1818 487 1851 cura
522 1805 680 1853 decet.
753 1803 876 1853 sciat
910 1805 1037 1854 haec
1070 1803 1328 1853 Saturnius
1364 1803 1483 1854 olim

106 1884 206 1931 fata
240 1899 436 1946 parens,
473 1886 747 1948 oculosque
783 1888 902 1949 polo
937 1887 1200 1935 demittere
1235 1885 1275 1934 si
1311 1903 1440 1949 quos

109 1963 303 2013 Iustitia
339 1974 388 2014 et
423 1974 614 2014 rectum
651 1966 790 2016 terris
825 1968 1096 2017 defendere
1130 1976 1299 2016 curat:
1699 1974 1780 2026 360

107 2047 206 2094 fors
241 2046 399 2095 aderit
434 2049 517 2095 lux
552 2046 635 2096 illa
670 2047 775 2108 tibi,
813 2065 913 2112 qua
948 2047 1148 2097 moenia
1183 2065 1357 2098 cernes

107 2127 332 2192 coniugis
368 2138 417 2177 et
451 2128 675 2192 geminas
710 2128 808 2179 ibis
841 2129 1009 2193 regina
1043 2146 1131 2194 per
1165 2128 1333 2179 urbis.'

175 2210 257 2260 Sic
292 2209 375 2271 ait,
413 2219 463 2259 et
497 2226 613 2260 caro
648 2210 826 2274 raptim
862 2227 916 2260 se
950 2210 1122 2260 limine
1157 2212 1354 2274 profert.

108 2293 282 2354 Tydea
317 2291 416 2341 iam
452 2291 645 2341 socium
682 2292 886 2356 coeptis,
924 2291 1023 2341 iam
1058 2301 1260 2356 pectore
1294 2293 1400 2342 fido

108 2383 406 2437 aequantem
443 2390 585 2422 curas
623 2373 811 2437 (tantus
847 2383 961 2439 post
995 2373 1380 2439 iurgiamentes
1698 2381 1778 2436 3⁶5

162 2516 242 2554 343
272 2504 391 2554 angit
410 2503 540 2552 codd„
563 2517 663 2543 corr.
699 2504 867 2554 Bentley
1095 2509 1236 2543 amate
1264 2503 1408 2543 KLL:
1446 2509 1587 2544 amata
1614 2503 1782 2555 PBDQ

108 2570 185 2606 344
214 2564 338 2608 petes
366 2557 626 2609 DKNQA12
656 2558 769 2609 petis
789 2558 856 2598 P:
886 2564 1038 2609 petens
1065 2558 1125 2599 S:
1156 2565 1310 2609 petens
1335 2558 1379 2597 B
1551 2571 1632 2610 345
1660 2560 1778 2610 atqui

107 2611 359 2651 Lachmann
562 2614 644 2662 346
671 2619 838 2663 raptoq.
857 2613 1052 2664 (regnoq.
1075 2614 1300 2664 suprascr.)
1331 2613 1377 2652 D
1568 2626 1647 2664 347
1678 2626 1780 2653 con-

108 2673 351 2717 sumpserat
389 2667 520 2715 codd.,
540 2681 642 2707 corr.
675 2668 879 2707 Heinsius
914 2682 924 2707 :
964 2680 1059 2707 cum
1098 2669 1279 2707 necdum
1319 2667 1607 2718 insumpserat
1642 2668 1781 2708 Barth

108 2733 189 2771 350
217 2728 365 2773 terret,
387 2729 429 2762 et
456 2721 524 2763 P:
553 2723 721 2762 territat
748 2738 779 2760 ω
945 2734 1021 2772 351
1055 2722 1119 2774 ni]
1142 2736 1228 2762 om.
1249 2722 1291 2760 A
1315 2736 1324 2761 :
1358 2735 1442 2772 quo
1477 2722 1516 2761 T
1512 2724 1554 2764 il.
1641 2722 1643 2724 ’
1696 2734 1779 2773 353

109 2777 299 2815 dolorem
329 2783 421 2827 sup.
469 2778 674 2827 pudorem
717 2777 843 2825 (linea
876 2783 956 2828 per
992 2777 1199 2828 pudorem
1241 2777 1382 2828 ducta)
1411 2777 1459 2815 N
1696 2788 1778 2827 354

109 2831 272 2870 solatus
302 2830 478 2882 PBlQS
496 2846 506 2871 z
536 2833 697 2871 solatur
723 2831 816 2871 DJ<
835 2832 898 2884 (in
919 2833 1023 2885 νας.)
1044 2830 1092 2870 Ν
1199 2833 1281 2881 356
1309 2832 1555 2871 medentum
1574 2831 1784 2872 Schrader

109 2897 189 2935 359
218 2886 444 2925 demittere
473 2885 583 2926 DN:
616 2885 830 2926 dimittere
859 2891 942 2926 cett.
1070 2886 1107 2925 si
1127 2888 1196 2937 q⁰s
1223 2885 1295 2925 D:
1323 2887 1509 2937 sortasse
1531 2888 1568 2927 si
1589 2887 1714 2939 quis:
1741 2886 1779 2926 si

111 2953 194 2990 qua
215 2940 394 2980 Bernart
