<?xml version="1.0" encoding="UTF-8"?>
<!DOCTYPE html PUBLIC "-//W3C//DTD XHTML 1.0 Transitional//EN"
    "http://www.w3.org/TR/xhtml1/DTD/xhtml1-transitional.dtd">
<html xmlns="http://www.w3.org/1999/xhtml" xml:lang="en" lang="en">
 <head>
  <title>
</title>
<meta http-equiv="Content-Type" content="text/html;charset=utf-8" />
  <meta name='ocr-system' content='tesseract 3.04.00' />
  <meta name='ocr-capabilities' content='ocr_page ocr_carea ocr_par ocr_line ocrx_word'/>
</head>
<body>
  <div class='ocr_page' id='page_1' title='image "./thebaisetachille00statuoft_0064.png"; bbox 0 0 1884 3204; ppageno 0'>
   <div class='ocr_carea' id='block_1_1' title="bbox 187 127 767 178">
    <p class='ocr_par' dir='ltr' id='par_1_1' title="bbox 187 127 767 178">
     <span class='ocr_line' id='line_1_1' title="bbox 187 127 767 178; baseline 0.003 -4"><span class='ocrx_word' id='word_1_1' title='bbox 187 128 242 175; x_wconf 90' lang='lat' dir='ltr'>P.</span> <span class='ocrx_word' id='word_1_2' title='bbox 283 127 525 177; x_wconf 87' lang='lat' dir='ltr'>PAPINI</span> <span class='ocrx_word' id='word_1_3' title='bbox 562 129 767 178; x_wconf 91' lang='lat' dir='ltr'>STATI</span> 
     </span>
    </p>
   </div>
   <div class='ocr_carea' id='block_1_2' title="bbox 186 265 1862 2526">
    <p class='ocr_par' dir='ltr' id='par_1_2' title="bbox 188 265 1445 332">
     <span class='ocr_line' id='line_1_2' title="bbox 188 265 1445 332; baseline 0.003 -18"><span class='ocrx_word' id='word_1_4' title='bbox 188 265 278 315; x_wconf 89' lang='lat' dir='ltr'>ibit</span> <span class='ocrx_word' id='word_1_5' title='bbox 314 284 468 316; x_wconf 90' lang='lat' dir='ltr'>ovans</span> <span class='ocrx_word' id='word_1_6' title='bbox 503 269 705 332; x_wconf 88' lang='lat' dir='ltr'>Argos?</span> <span class='ocrx_word' id='word_1_7' title='bbox 750 268 829 317; x_wconf 88' lang='lat' dir='ltr'>vix</span> <span class='ocrx_word' id='word_1_8' title='bbox 865 270 1034 319; x_wconf 85' lang='lat' dir='ltr'><strong>credet</strong></span> <span class='ocrx_word' id='word_1_9' title='bbox 1069 270 1201 321; x_wconf 88' lang='lat' dir='ltr'>fama</span> <span class='ocrx_word' id='word_1_10' title='bbox 1236 286 1445 320; x_wconf 78' lang='lat' dir='ltr'>reverso,</span> 
     </span>
    </p>

    <p class='ocr_par' dir='ltr' id='par_1_3' title="bbox 187 348 1638 412">
     <span class='ocr_line' id='line_1_3' title="bbox 187 348 1638 412; baseline 0.002 -16"><span class='ocrx_word' id='word_1_11' title='bbox 187 349 311 397; x_wconf 87' lang='lat' dir='ltr'>heus</span> <span class='ocrx_word' id='word_1_12' title='bbox 348 348 487 410; x_wconf 80' lang='lat' dir='ltr'>socii,</span> <span class='ocrx_word' id='word_1_13' title='bbox 521 352 752 400; x_wconf 74' lang='lat' dir='ltr'>nullaene</span> <span class='ocrx_word' id='word_1_14' title='bbox 790 356 981 412; x_wconf 86' lang='lat' dir='ltr'>manus,</span> <span class='ocrx_word' id='word_1_15' title='bbox 1025 353 1160 400; x_wconf 92' lang='lat' dir='ltr'>nulla</span> <span class='ocrx_word' id='word_1_16' title='bbox 1193 368 1330 400; x_wconf 90' lang='lat' dir='ltr'>arma</span> <span class='ocrx_word' id='word_1_17' title='bbox 1364 351 1638 400; x_wconf 84' lang='lat' dir='ltr'>valebunt?</span> 
     </span>
    </p>

    <p class='ocr_par' dir='ltr' id='par_1_4' title="bbox 186 426 1741 570">
     <span class='ocr_line' id='line_1_4' title="bbox 186 426 1741 493; baseline 0.003 -19"><span class='ocrx_word' id='word_1_18' title='bbox 186 427 311 475; x_wconf 87' lang='lat' dir='ltr'>haec</span> <span class='ocrx_word' id='word_1_19' title='bbox 346 426 447 490; x_wconf 92' lang='lat' dir='ltr'>regi</span> <span class='ocrx_word' id='word_1_20' title='bbox 482 427 736 491; x_wconf 88' lang='lat' dir='ltr'>promissa,</span> <span class='ocrx_word' id='word_1_21' title='bbox 777 430 969 492; x_wconf 89' lang='lat' dir='ltr'>Cydon,</span> <span class='ocrx_word' id='word_1_22' title='bbox 1008 431 1149 491; x_wconf 88' lang='lat' dir='ltr'>haec,</span> <span class='ocrx_word' id='word_1_23' title='bbox 1188 431 1391 493; x_wconf 83' lang='lat' dir='ltr'>Lampe,</span> <span class='ocrx_word' id='word_1_24' title='bbox 1430 430 1673 478; x_wconf 86' lang='lat' dir='ltr'><strong>dabamus</strong></span> <span class='ocrx_word' id='word_1_25' title='bbox 1693 430 1741 478; x_wconf 87' lang='lat'>?&#39;</span> 
     </span>
     <span class='ocr_line' id='line_1_5' title="bbox 189 509 1531 570; baseline 0.002 -14"><span class='ocrx_word' id='word_1_26' title='bbox 189 509 310 556; x_wconf 91' lang='lat' dir='ltr'>dum</span> <span class='ocrx_word' id='word_1_27' title='bbox 347 510 543 569; x_wconf 89' lang='lat' dir='ltr'>clamat,</span> <span class='ocrx_word' id='word_1_28' title='bbox 581 509 714 558; x_wconf 89' lang='lat' dir='ltr'>subit</span> <span class='ocrx_word' id='word_1_29' title='bbox 750 527 835 559; x_wconf 91' lang='lat' dir='ltr'>ore</span> <span class='ocrx_word' id='word_1_30' title='bbox 871 528 994 560; x_wconf 94' lang='lat' dir='ltr'>cavo</span> <span class='ocrx_word' id='word_1_31' title='bbox 1030 510 1299 560; x_wconf 85' lang='lat' dir='ltr'>Teumesia</span> <span class='ocrx_word' id='word_1_32' title='bbox 1336 527 1531 570; x_wconf 90' lang='lat' dir='ltr'>cornus,</span> 
     </span>
    </p>

    <p class='ocr_par' dir='ltr' id='par_1_5' title="bbox 188 590 1854 736">
     <span class='ocr_line' id='line_1_6' title="bbox 190 590 1854 655; baseline 0.002 -19"><span class='ocrx_word' id='word_1_33' title='bbox 190 606 282 638; x_wconf 91' lang='lat' dir='ltr'>nec</span> <span class='ocrx_word' id='word_1_34' title='bbox 318 590 584 652; x_wconf 84' lang='lat' dir='ltr'>prohibent</span> <span class='ocrx_word' id='word_1_35' title='bbox 618 592 785 640; x_wconf 89' lang='lat' dir='ltr'>fauces</span> <span class='ocrx_word' id='word_1_36' title='bbox 796 609 810 652; x_wconf 80' lang='lat'><em>3</em></span> <span class='ocrx_word' id='word_1_37' title='bbox 855 601 1004 655; x_wconf 91' lang='lat' dir='ltr'>atque</span> <span class='ocrx_word' id='word_1_38' title='bbox 1040 591 1110 640; x_wconf 92' lang='lat' dir='ltr'>illi</span> <span class='ocrx_word' id='word_1_39' title='bbox 1145 609 1268 641; x_wconf 91' lang='lat' dir='ltr'>voce</span> <span class='ocrx_word' id='word_1_40' title='bbox 1304 593 1490 655; x_wconf 90' lang='lat' dir='ltr'>repleta</span> <span class='ocrx_word' id='word_1_41' title='bbox 1686 608 1687 613; x_wconf 53' lang='lat'>¹</span> <span class='ocrx_word' id='word_1_42' title='bbox 1774 598 1854 652; x_wconf 80' lang='lat'>625</span> 
     </span>
     <span class='ocr_line' id='line_1_7' title="bbox 188 670 1480 736; baseline 0.003 -19"><span class='ocrx_word' id='word_1_43' title='bbox 188 670 461 734; x_wconf 90' lang='lat' dir='ltr'>intercepta</span> <span class='ocrx_word' id='word_1_44' title='bbox 496 681 632 721; x_wconf 91' lang='lat' dir='ltr'>natat</span> <span class='ocrx_word' id='word_1_45' title='bbox 666 682 904 736; x_wconf 92' lang='lat' dir='ltr'>prorupto</span> <span class='ocrx_word' id='word_1_46' title='bbox 939 673 990 724; x_wconf 91' lang='lat' dir='ltr'>in</span> <span class='ocrx_word' id='word_1_47' title='bbox 1026 672 1265 736; x_wconf 89' lang='lat' dir='ltr'>sanguine</span> <span class='ocrx_word' id='word_1_48' title='bbox 1300 673 1480 736; x_wconf 88' lang='lat' dir='ltr'>lingua.</span> 
     </span>
    </p>

    <p class='ocr_par' dir='ltr' id='par_1_6' title="bbox 189 753 1569 819">
     <span class='ocr_line' id='line_1_8' title="bbox 189 753 1569 819; baseline 0.003 -19"><span class='ocrx_word' id='word_1_49' title='bbox 189 753 350 802; x_wconf 87' lang='lat' dir='ltr'>stabat</span> <span class='ocrx_word' id='word_1_50' title='bbox 384 755 563 814; x_wconf 86' lang='lat' dir='ltr'>adhuc,</span> <span class='ocrx_word' id='word_1_51' title='bbox 603 756 765 804; x_wconf 91' lang='lat' dir='ltr'>donec</span> <span class='ocrx_word' id='word_1_52' title='bbox 803 755 1086 805; x_wconf 91' lang='lat' dir='ltr'>transmissa</span> <span class='ocrx_word' id='word_1_53' title='bbox 1122 758 1281 804; x_wconf 88' lang='lat' dir='ltr'>morte</span> <span class='ocrx_word' id='word_1_54' title='bbox 1315 773 1403 819; x_wconf 92' lang='lat' dir='ltr'>per</span> <span class='ocrx_word' id='word_1_55' title='bbox 1436 764 1569 804; x_wconf 90' lang='lat' dir='ltr'>artus</span> 
     </span>
    </p>

    <p class='ocr_par' dir='ltr' id='par_1_7' title="bbox 189 833 1436 899">
     <span class='ocr_line' id='line_1_9' title="bbox 189 833 1436 899; baseline 0.003 -18"><span class='ocrx_word' id='word_1_56' title='bbox 189 833 369 883; x_wconf 83' lang='lat' dir='ltr'>labitur</span> <span class='ocrx_word' id='word_1_57' title='bbox 406 835 740 899; x_wconf 83' lang='lat' dir='ltr'>immorsaque</span> <span class='ocrx_word' id='word_1_58' title='bbox 776 838 960 886; x_wconf 90' lang='lat' dir='ltr'>cadens</span> <span class='ocrx_word' id='word_1_59' title='bbox 996 836 1247 886; x_wconf 90' lang='lat' dir='ltr'>obmutuit</span> <span class='ocrx_word' id='word_1_60' title='bbox 1282 839 1436 886; x_wconf 91' lang='lat' dir='ltr'>hasta.</span> 
     </span>
    </p>

    <p class='ocr_par' dir='ltr' id='par_1_8' title="bbox 190 917 1862 2121">
     <span class='ocr_line' id='line_1_10' title="bbox 257 917 1605 981; baseline 0.002 -18"><span class='ocrx_word' id='word_1_61' title='bbox 257 918 362 965; x_wconf 90' lang='lat' dir='ltr'>Vos</span> <span class='ocrx_word' id='word_1_62' title='bbox 399 933 615 980; x_wconf 89' lang='lat' dir='ltr'>quoque,</span> <span class='ocrx_word' id='word_1_63' title='bbox 653 917 981 981; x_wconf 90' lang='lat' dir='ltr'>Thespiadae,</span> <span class='ocrx_word' id='word_1_64' title='bbox 1020 935 1107 967; x_wconf 92' lang='lat' dir='ltr'>cur</span> <span class='ocrx_word' id='word_1_65' title='bbox 1142 917 1380 967; x_wconf 89' lang='lat' dir='ltr'>infitiatus</span> <span class='ocrx_word' id='word_1_66' title='bbox 1415 920 1605 967; x_wconf 90' lang='lat' dir='ltr'>honora</span> 
     </span>
     <span class='ocr_line' id='line_1_11' title="bbox 190 996 1859 1058; baseline 0.002 -14"><span class='ocrx_word' id='word_1_67' title='bbox 190 996 430 1045; x_wconf 86' lang='lat' dir='ltr'>arcuerim</span> <span class='ocrx_word' id='word_1_68' title='bbox 465 998 637 1046; x_wconf 84' lang='lat' dir='ltr'>fama?</span> <span class='ocrx_word' id='word_1_69' title='bbox 682 998 840 1047; x_wconf 91' lang='lat' dir='ltr'>fratris</span> <span class='ocrx_word' id='word_1_70' title='bbox 878 998 1176 1047; x_wconf 90' lang='lat' dir='ltr'>moribunda</span> <span class='ocrx_word' id='word_1_71' title='bbox 1211 999 1408 1047; x_wconf 91' lang='lat' dir='ltr'>levabat</span> <span class='ocrx_word' id='word_1_72' title='bbox 1713 997 1715 999; x_wconf 66' lang='grc'><strong>’</strong></span> <span class='ocrx_word' id='word_1_73' title='bbox 1776 1006 1859 1058; x_wconf 78' lang='lat'>630</span> 
     </span>
     <span class='ocr_line' id='line_1_12' title="bbox 193 1077 1500 1143; baseline 0.003 -19"><span class='ocrx_word' id='word_1_74' title='bbox 193 1077 416 1126; x_wconf 90' lang='lat' dir='ltr'>membra</span> <span class='ocrx_word' id='word_1_75' title='bbox 451 1080 558 1127; x_wconf 94' lang='lat' dir='ltr'>solo</span> <span class='ocrx_word' id='word_1_76' title='bbox 595 1078 831 1142; x_wconf 85' lang='lat' dir='ltr'>Periphas</span> <span class='ocrx_word' id='word_1_77' title='bbox 869 1077 959 1143; x_wconf 88' lang='lat' dir='ltr'>(nil</span> <span class='ocrx_word' id='word_1_78' title='bbox 996 1078 1166 1128; x_wconf 90' lang='lat' dir='ltr'>indole</span> <span class='ocrx_word' id='word_1_79' title='bbox 1201 1078 1380 1128; x_wconf 90' lang='lat' dir='ltr'>clarius</span> <span class='ocrx_word' id='word_1_80' title='bbox 1418 1078 1500 1128; x_wconf 91' lang='lat' dir='ltr'>illa</span> 
     </span>
     <span class='ocr_line' id='line_1_13' title="bbox 190 1157 1334 1224; baseline 0.003 -18"><span class='ocrx_word' id='word_1_81' title='bbox 190 1175 287 1207; x_wconf 90' lang='lat' dir='ltr'>nec</span> <span class='ocrx_word' id='word_1_82' title='bbox 322 1157 505 1223; x_wconf 89' lang='lat' dir='ltr'>pietate</span> <span class='ocrx_word' id='word_1_83' title='bbox 540 1158 668 1224; x_wconf 73' lang='lat' dir='ltr'>fuit),</span> <span class='ocrx_word' id='word_1_84' title='bbox 727 1162 867 1209; x_wconf 91' lang='lat' dir='ltr'>laeva</span> <span class='ocrx_word' id='word_1_85' title='bbox 902 1160 1170 1209; x_wconf 89' lang='lat' dir='ltr'>marcentia</span> <span class='ocrx_word' id='word_1_86' title='bbox 1206 1162 1334 1209; x_wconf 90' lang='lat' dir='ltr'>colla</span> 
     </span>
     <span class='ocr_line' id='line_1_14' title="bbox 192 1241 1507 1306; baseline 0.002 -17"><span class='ocrx_word' id='word_1_87' title='bbox 192 1250 473 1290; x_wconf 88' lang='lat' dir='ltr'>sustentans</span> <span class='ocrx_word' id='word_1_88' title='bbox 510 1242 780 1305; x_wconf 87' lang='lat' dir='ltr'>dextraque</span> <span class='ocrx_word' id='word_1_89' title='bbox 814 1244 976 1303; x_wconf 87' lang='lat' dir='ltr'>latus;</span> <span class='ocrx_word' id='word_1_90' title='bbox 1018 1241 1312 1306; x_wconf 87' lang='lat' dir='ltr'>singultibus</span> <span class='ocrx_word' id='word_1_91' title='bbox 1347 1251 1507 1292; x_wconf 89' lang='lat' dir='ltr'>artum</span> 
     </span>
     <span class='ocr_line' id='line_1_15' title="bbox 192 1321 1441 1384; baseline 0.002 -14"><span class='ocrx_word' id='word_1_92' title='bbox 192 1321 414 1371; x_wconf 86' lang='lat' dir='ltr'>exhaurit</span> <span class='ocrx_word' id='word_1_93' title='bbox 449 1324 652 1372; x_wconf 92' lang='lat' dir='ltr'>thoraca</span> <span class='ocrx_word' id='word_1_94' title='bbox 687 1325 844 1384; x_wconf 92' lang='lat' dir='ltr'>dolor,</span> <span class='ocrx_word' id='word_1_95' title='bbox 883 1341 976 1373; x_wconf 92' lang='lat' dir='ltr'>nec</span> <span class='ocrx_word' id='word_1_96' title='bbox 1011 1323 1173 1373; x_wconf 89' lang='lat' dir='ltr'>vincla</span> <span class='ocrx_word' id='word_1_97' title='bbox 1209 1333 1441 1374; x_wconf 89' lang='lat' dir='ltr'>coercent</span> 
     </span>
     <span class='ocr_line' id='line_1_16' title="bbox 192 1405 1859 1470; baseline 0.001 -18"><span class='ocrx_word' id='word_1_98' title='bbox 192 1405 467 1453; x_wconf 90' lang='lat' dir='ltr'>undantem</span> <span class='ocrx_word' id='word_1_99' title='bbox 504 1406 622 1454; x_wconf 91' lang='lat' dir='ltr'>fletu</span> <span class='ocrx_word' id='word_1_100' title='bbox 658 1407 862 1469; x_wconf 90' lang='lat' dir='ltr'>galeam,</span> <span class='ocrx_word' id='word_1_101' title='bbox 902 1423 1017 1455; x_wconf 89' lang='lat' dir='ltr'>cum</span> <span class='ocrx_word' id='word_1_102' title='bbox 1054 1408 1210 1454; x_wconf 91' lang='lat' dir='ltr'>multa</span> <span class='ocrx_word' id='word_1_103' title='bbox 1244 1405 1461 1470; x_wconf 90' lang='lat' dir='ltr'>gementi</span> <span class='ocrx_word' id='word_1_104' title='bbox 1567 1421 1570 1423; x_wconf 84' lang='grc'><em>·</em></span> <span class='ocrx_word' id='word_1_105' title='bbox 1777 1413 1859 1467; x_wconf 79' lang='lat'>635</span> 
     </span>
     <span class='ocr_line' id='line_1_17' title="bbox 191 1485 1432 1551; baseline 0.002 -16"><span class='ocrx_word' id='word_1_106' title='bbox 191 1502 324 1549; x_wconf 91' lang='lat' dir='ltr'>pone</span> <span class='ocrx_word' id='word_1_107' title='bbox 359 1485 516 1549; x_wconf 88' lang='lat' dir='ltr'>gravis</span> <span class='ocrx_word' id='word_1_108' title='bbox 552 1504 725 1536; x_wconf 90' lang='lat' dir='ltr'>curvas</span> <span class='ocrx_word' id='word_1_109' title='bbox 761 1487 1014 1551; x_wconf 87' lang='lat' dir='ltr'>perfringit</span> <span class='ocrx_word' id='word_1_110' title='bbox 1049 1489 1223 1537; x_wconf 89' lang='lat' dir='ltr'>lancea</span> <span class='ocrx_word' id='word_1_111' title='bbox 1257 1497 1432 1537; x_wconf 84' lang='lat' dir='ltr'>costas.</span> 
     </span>
     <span class='ocr_line' id='line_1_18' title="bbox 193 1567 1432 1633; baseline 0.002 -18"><span class='ocrx_word' id='word_1_112' title='bbox 193 1567 290 1616; x_wconf 90' lang='lat' dir='ltr'>exit</span> <span class='ocrx_word' id='word_1_113' title='bbox 326 1576 375 1616; x_wconf 90' lang='lat' dir='ltr'>et</span> <span class='ocrx_word' id='word_1_114' title='bbox 410 1567 462 1616; x_wconf 92' lang='lat' dir='ltr'>in</span> <span class='ocrx_word' id='word_1_115' title='bbox 496 1569 709 1629; x_wconf 89' lang='lat' dir='ltr'>fratrem,</span> <span class='ocrx_word' id='word_1_116' title='bbox 749 1578 1059 1633; x_wconf 91' lang='lat' dir='ltr'>cognataque</span> <span class='ocrx_word' id='word_1_117' title='bbox 1094 1579 1298 1633; x_wconf 90' lang='lat' dir='ltr'>pectora</span> <span class='ocrx_word' id='word_1_118' title='bbox 1332 1571 1432 1619; x_wconf 91' lang='lat' dir='ltr'>telo</span> 
     </span>
     <span class='ocr_line' id='line_1_19' title="bbox 194 1648 1566 1711; baseline 0.001 -14"><span class='ocrx_word' id='word_1_119' title='bbox 194 1648 409 1698; x_wconf 90' lang='lat' dir='ltr'>conserit</span> <span class='ocrx_word' id='word_1_120' title='bbox 429 1668 442 1711; x_wconf 81' lang='lat'><em>3</em></span> <span class='ocrx_word' id='word_1_121' title='bbox 481 1649 563 1699; x_wconf 89' lang='lat' dir='ltr'>ille</span> <span class='ocrx_word' id='word_1_122' title='bbox 599 1652 772 1700; x_wconf 90' lang='lat' dir='ltr'>oculos</span> <span class='ocrx_word' id='word_1_123' title='bbox 808 1650 946 1700; x_wconf 91' lang='lat' dir='ltr'>tenui</span> <span class='ocrx_word' id='word_1_124' title='bbox 981 1650 1080 1698; x_wconf 91' lang='lat' dir='ltr'>iam</span> <span class='ocrx_word' id='word_1_125' title='bbox 1116 1650 1168 1699; x_wconf 92' lang='lat' dir='ltr'>in</span> <span class='ocrx_word' id='word_1_126' title='bbox 1203 1653 1314 1700; x_wconf 93' lang='lat' dir='ltr'>luce</span> <span class='ocrx_word' id='word_1_127' title='bbox 1350 1652 1566 1699; x_wconf 88' lang='lat' dir='ltr'>natantis</span> 
     </span>
     <span class='ocr_line' id='line_1_20' title="bbox 194 1729 1333 1795; baseline 0.004 -18"><span class='ocrx_word' id='word_1_128' title='bbox 194 1729 319 1778; x_wconf 89' lang='lat' dir='ltr'>sistit</span> <span class='ocrx_word' id='word_1_129' title='bbox 354 1739 403 1779; x_wconf 94' lang='lat' dir='ltr'>et</span> <span class='ocrx_word' id='word_1_130' title='bbox 438 1741 638 1794; x_wconf 91' lang='lat' dir='ltr'>aspecta</span> <span class='ocrx_word' id='word_1_131' title='bbox 672 1731 892 1795; x_wconf 87' lang='lat' dir='ltr'>germani</span> <span class='ocrx_word' id='word_1_132' title='bbox 928 1741 1086 1781; x_wconf 91' lang='lat' dir='ltr'>morte</span> <span class='ocrx_word' id='word_1_133' title='bbox 1121 1731 1333 1781; x_wconf 89' lang='lat' dir='ltr'>resolvit.</span> 
     </span>
     <span class='ocr_line' id='line_1_21' title="bbox 193 1811 1862 1873; baseline 0.002 -14"><span class='ocrx_word' id='word_1_134' title='bbox 193 1821 243 1859; x_wconf 91' lang='lat' dir='ltr'>at</span> <span class='ocrx_word' id='word_1_135' title='bbox 279 1811 359 1860; x_wconf 91' lang='lat' dir='ltr'>cui</span> <span class='ocrx_word' id='word_1_136' title='bbox 394 1812 494 1860; x_wconf 90' lang='lat' dir='ltr'>vita</span> <span class='ocrx_word' id='word_1_137' title='bbox 528 1829 700 1862; x_wconf 91' lang='lat' dir='ltr'>recens</span> <span class='ocrx_word' id='word_1_138' title='bbox 736 1823 785 1862; x_wconf 91' lang='lat' dir='ltr'>et</span> <span class='ocrx_word' id='word_1_139' title='bbox 820 1815 986 1863; x_wconf 92' lang='lat' dir='ltr'>adhuc</span> <span class='ocrx_word' id='word_1_140' title='bbox 1021 1813 1073 1861; x_wconf 93' lang='lat' dir='ltr'>in</span> <span class='ocrx_word' id='word_1_141' title='bbox 1108 1816 1310 1863; x_wconf 90' lang='lat' dir='ltr'>vulnere</span> <span class='ocrx_word' id='word_1_142' title='bbox 1345 1813 1470 1863; x_wconf 90' lang='lat' dir='ltr'>vires</span> <span class='ocrx_word' id='word_1_143' title='bbox 1779 1821 1862 1873; x_wconf 89' lang='lat'>640</span> 
     </span>
     <span class='ocr_line' id='line_1_22' title="bbox 198 1893 1667 1958; baseline 0.001 -17"><span class='ocrx_word' id='word_1_144' title='bbox 198 1895 343 1942; x_wconf 87' lang='lat' dir='ltr'>‘Hos</span> <span class='ocrx_word' id='word_1_145' title='bbox 379 1893 471 1942; x_wconf 93' lang='lat' dir='ltr'>tibi</span> <span class='ocrx_word' id='word_1_146' title='bbox 507 1897 813 1958; x_wconf 79' lang='lat' dir='ltr'>complexus,</span> <span class='ocrx_word' id='word_1_147' title='bbox 849 1897 973 1945; x_wconf 90' lang='lat' dir='ltr'>haec</span> <span class='ocrx_word' id='word_1_148' title='bbox 1009 1897 1156 1944; x_wconf 91' lang='lat' dir='ltr'>dent’</span> <span class='ocrx_word' id='word_1_149' title='bbox 1191 1895 1259 1944; x_wconf 90' lang='lat' dir='ltr'>ait</span> <span class='ocrx_word' id='word_1_150' title='bbox 1297 1896 1500 1944; x_wconf 88' lang='lat' dir='ltr'>‘oscula</span> <span class='ocrx_word' id='word_1_151' title='bbox 1535 1894 1667 1944; x_wconf 88' lang='lat' dir='ltr'>nati.’</span> 
     </span>
     <span class='ocr_line' id='line_1_23' title="bbox 193 1974 1368 2043; baseline 0.001 -20"><span class='ocrx_word' id='word_1_152' title='bbox 193 1975 503 2037; x_wconf 91' lang='lat' dir='ltr'>procubuere</span> <span class='ocrx_word' id='word_1_153' title='bbox 537 1992 679 2039; x_wconf 89' lang='lat' dir='ltr'>pares</span> <span class='ocrx_word' id='word_1_154' title='bbox 714 1975 824 2025; x_wconf 90' lang='lat' dir='ltr'>fatis</span> <span class='ocrx_word' id='word_1_155' title='bbox 861 1974 1161 2043; x_wconf 89' lang='lat' dir='ltr'>(miserabile</span> <span class='ocrx_word' id='word_1_156' title='bbox 1195 1985 1368 2025; x_wconf 92' lang='lat' dir='ltr'>votum</span> 
     </span>
     <span class='ocr_line' id='line_1_24' title="bbox 196 2055 1456 2121; baseline 0.002 -18"><span class='ocrx_word' id='word_1_157' title='bbox 196 2055 388 2121; x_wconf 89' lang='lat' dir='ltr'>mortis)</span> <span class='ocrx_word' id='word_1_158' title='bbox 425 2065 474 2105; x_wconf 92' lang='lat' dir='ltr'>et</span> <span class='ocrx_word' id='word_1_159' title='bbox 509 2058 697 2110; x_wconf 89' lang='lat' dir='ltr'>alterna</span> <span class='ocrx_word' id='word_1_160' title='bbox 731 2059 1014 2106; x_wconf 89' lang='lat' dir='ltr'>clauserunt</span> <span class='ocrx_word' id='word_1_161' title='bbox 1048 2057 1237 2106; x_wconf 88' lang='lat' dir='ltr'>lumina</span> <span class='ocrx_word' id='word_1_162' title='bbox 1272 2059 1456 2107; x_wconf 87' lang='lat' dir='ltr'>dextra.</span> 
     </span>
    </p>

    <p class='ocr_par' dir='ltr' id='par_1_9' title="bbox 195 2132 1861 2526">
     <span class='ocr_line' id='line_1_25' title="bbox 263 2132 1643 2202; baseline 0.001 -17"><span class='ocrx_word' id='word_1_163' title='bbox 263 2137 494 2186; x_wconf 90' lang='lat' dir='ltr'>Protinus</span> <span class='ocrx_word' id='word_1_164' title='bbox 529 2137 663 2187; x_wconf 91' lang='lat' dir='ltr'>idem</span> <span class='ocrx_word' id='word_1_165' title='bbox 701 2140 829 2187; x_wconf 91' lang='lat' dir='ltr'>ultro</span> <span class='ocrx_word' id='word_1_166' title='bbox 864 2138 1026 2187; x_wconf 91' lang='lat' dir='ltr'>iaculo</span> <span class='ocrx_word' id='word_1_167' title='bbox 1062 2132 1332 2202; x_wconf 80' lang='lat' dir='ltr'>parmaque</span> <span class='ocrx_word' id='word_1_168' title='bbox 1371 2140 1643 2187; x_wconf 87' lang='lat' dir='ltr'>Menoeten</span> 
     </span>
     <span class='ocr_line' id='line_1_26' title="bbox 196 2219 1861 2284; baseline 0.001 -18"><span class='ocrx_word' id='word_1_169' title='bbox 196 2220 500 2282; x_wconf 86' lang='lat' dir='ltr'>proterrebat</span> <span class='ocrx_word' id='word_1_170' title='bbox 534 2236 685 2283; x_wconf 89' lang='lat' dir='ltr'>agens</span> <span class='ocrx_word' id='word_1_171' title='bbox 722 2219 925 2283; x_wconf 87' lang='lat' dir='ltr'>trepidis</span> <span class='ocrx_word' id='word_1_172' title='bbox 960 2220 1164 2284; x_wconf 85' lang='lat' dir='ltr'>vestigia</span> <span class='ocrx_word' id='word_1_173' title='bbox 1199 2229 1328 2269; x_wconf 94' lang='lat' dir='ltr'>retro</span> <span class='ocrx_word' id='word_1_174' title='bbox 1781 2227 1861 2282; x_wconf 86' lang='lat'>645</span> 
     </span>
     <span class='ocr_line' id='line_1_27' title="bbox 196 2296 1353 2364; baseline 0.002 -17"><span class='ocrx_word' id='word_1_175' title='bbox 196 2299 423 2363; x_wconf 90' lang='lat' dir='ltr'>passibus</span> <span class='ocrx_word' id='word_1_176' title='bbox 459 2310 730 2364; x_wconf 88' lang='lat' dir='ltr'>urgentem,</span> <span class='ocrx_word' id='word_1_177' title='bbox 769 2303 931 2351; x_wconf 92' lang='lat' dir='ltr'>donec</span> <span class='ocrx_word' id='word_1_178' title='bbox 967 2296 1148 2350; x_wconf 86' lang='lat' dir='ltr'>defecit</span> <span class='ocrx_word' id='word_1_179' title='bbox 1182 2300 1353 2364; x_wconf 91' lang='lat' dir='ltr'>iniqua</span> 
     </span>
     <span class='ocr_line' id='line_1_28' title="bbox 195 2381 1688 2446; baseline 0 -17"><span class='ocrx_word' id='word_1_180' title='bbox 195 2382 362 2445; x_wconf 89' lang='lat' dir='ltr'>lapsus</span> <span class='ocrx_word' id='word_1_181' title='bbox 397 2383 566 2442; x_wconf 85' lang='lat' dir='ltr'>humo,</span> <span class='ocrx_word' id='word_1_182' title='bbox 606 2382 884 2446; x_wconf 91' lang='lat' dir='ltr'>pariterque</span> <span class='ocrx_word' id='word_1_183' title='bbox 920 2395 1096 2431; x_wconf 80' lang='lat' dir='ltr'>manus</span> <span class='ocrx_word' id='word_1_184' title='bbox 1132 2382 1394 2431; x_wconf 89' lang='lat' dir='ltr'>distractus</span> <span class='ocrx_word' id='word_1_185' title='bbox 1430 2381 1480 2430; x_wconf 92' lang='lat' dir='ltr'>in</span> <span class='ocrx_word' id='word_1_186' title='bbox 1515 2382 1688 2431; x_wconf 90' lang='lat' dir='ltr'>ambas</span> 
     </span>
     <span class='ocr_line' id='line_1_29' title="bbox 198 2462 1435 2526; baseline -0.001 -14"><span class='ocrx_word' id='word_1_187' title='bbox 198 2472 303 2512; x_wconf 88' lang='lat' dir='ltr'>orat</span> <span class='ocrx_word' id='word_1_188' title='bbox 339 2472 388 2511; x_wconf 93' lang='lat' dir='ltr'>et</span> <span class='ocrx_word' id='word_1_189' title='bbox 423 2480 453 2512; x_wconf 92' lang='lat' dir='ltr'>a</span> <span class='ocrx_word' id='word_1_190' title='bbox 487 2462 655 2526; x_wconf 90' lang='lat' dir='ltr'>iugulo</span> <span class='ocrx_word' id='word_1_191' title='bbox 692 2463 932 2512; x_wconf 90' lang='lat' dir='ltr'>nitentem</span> <span class='ocrx_word' id='word_1_192' title='bbox 969 2463 1178 2512; x_wconf 88' lang='lat' dir='ltr'>sustinet</span> <span class='ocrx_word' id='word_1_193' title='bbox 1213 2464 1435 2511; x_wconf 91' lang='lat' dir='ltr'>hastam:</span> 
     </span>
    </p>
   </div>
   <div class='ocr_carea' id='block_1_3' title="bbox 198 2591 1866 2969">
    <p class='ocr_par' dir='ltr' id='par_1_10' title="bbox 198 2591 1866 2969">
     <span class='ocr_line' id='line_1_30' title="bbox 250 2591 1866 2643; baseline 0.001 -13"><span class='ocrx_word' id='word_1_194' title='bbox 250 2594 331 2630; x_wconf 86' lang='lat'>622</span> <span class='ocrx_word' id='word_1_195' title='bbox 362 2592 444 2630; x_wconf 88' lang='lat' dir='ltr'>heu</span> <span class='ocrx_word' id='word_1_196' title='bbox 464 2591 592 2640; x_wconf 71' lang='lat' dir='ltr'>codd„</span> <span class='ocrx_word' id='word_1_197' title='bbox 613 2605 715 2631; x_wconf 89' lang='lat' dir='ltr'>corr.</span> <span class='ocrx_word' id='word_1_198' title='bbox 738 2592 914 2630; x_wconf 77' lang='lat' dir='ltr'>Mueller</span> <span class='ocrx_word' id='word_1_199' title='bbox 1018 2591 1222 2630; x_wconf 89' lang='lat' dir='ltr'>iuvabunt</span> <span class='ocrx_word' id='word_1_200' title='bbox 1249 2591 1361 2643; x_wconf 85' lang='lat' dir='ltr'>(vale</span> <span class='ocrx_word' id='word_1_201' title='bbox 1394 2598 1600 2642; x_wconf 85' lang='lat' dir='ltr'>suprascr.</span> <span class='ocrx_word' id='word_1_202' title='bbox 1632 2592 1687 2631; x_wconf 91' lang='lat' dir='ltr'>al.</span> <span class='ocrx_word' id='word_1_203' title='bbox 1717 2593 1795 2642; x_wconf 88' lang='lat' dir='ltr'>m.)</span> <span class='ocrx_word' id='word_1_204' title='bbox 1827 2591 1866 2642; x_wconf 83' lang='lat' dir='ltr'><em>Q</em></span> 
     </span>
     <span class='ocr_line' id='line_1_31' title="bbox 198 2645 1865 2697; baseline 0 -12"><span class='ocrx_word' id='word_1_205' title='bbox 198 2647 278 2695; x_wconf 87' lang='lat'>625</span> <span class='ocrx_word' id='word_1_206' title='bbox 308 2646 368 2685; x_wconf 90' lang='lat' dir='ltr'>illi</span> <span class='ocrx_word' id='word_1_207' title='bbox 397 2653 491 2697; x_wconf 85' lang='lat' dir='ltr'>sup.</span> <span class='ocrx_word' id='word_1_208' title='bbox 524 2647 597 2686; x_wconf 79' lang='lat' dir='ltr'>lin.</span> <span class='ocrx_word' id='word_1_209' title='bbox 632 2647 676 2685; x_wconf 93' lang='lat' dir='ltr'><em>D</em></span> <span class='ocrx_word' id='word_1_210' title='bbox 785 2648 866 2684; x_wconf 89' lang='lat'>626</span> <span class='ocrx_word' id='word_1_211' title='bbox 894 2647 936 2684; x_wconf 91' lang='lat' dir='ltr'>in</span> <span class='ocrx_word' id='word_1_212' title='bbox 966 2660 1050 2685; x_wconf 89' lang='lat' dir='ltr'>om.</span> <span class='ocrx_word' id='word_1_213' title='bbox 1084 2645 1132 2685; x_wconf 92' lang='lat' dir='ltr'><em>N</em></span> <span class='ocrx_word' id='word_1_214' title='bbox 1238 2649 1320 2696; x_wconf 86' lang='lat'>630</span> <span class='ocrx_word' id='word_1_215' title='bbox 1348 2647 1555 2685; x_wconf 87' lang='lat' dir='ltr'>arcuerim</span> <span class='ocrx_word' id='word_1_216' title='bbox 1582 2660 1632 2685; x_wconf 82' lang='lat' dir='ltr'>ex</span> <span class='ocrx_word' id='word_1_217' title='bbox 1659 2660 1761 2687; x_wconf 89' lang='lat' dir='ltr'>corr.</span> <span class='ocrx_word' id='word_1_218' title='bbox 1794 2646 1865 2685; x_wconf 84' lang='lat' dir='ltr'>K:</span> 
     </span>
     <span class='ocr_line' id='line_1_32' title="bbox 198 2699 1864 2752; baseline 0.001 -13"><span class='ocrx_word' id='word_1_219' title='bbox 198 2701 412 2750; x_wconf 88' lang='lat' dir='ltr'>arguerim</span> <span class='ocrx_word' id='word_1_220' title='bbox 442 2704 552 2740; x_wconf 82' lang='lat' dir='ltr'>cett.:</span> <span class='ocrx_word' id='word_1_221' title='bbox 594 2703 605 2722; x_wconf 88' lang='lat'>‘</span> <span class='ocrx_word' id='word_1_222' title='bbox 622 2699 902 2752; x_wconf 84' lang='lat' dir='ltr'>privaverim’</span> <span class='ocrx_word' id='word_1_223' title='bbox 933 2699 1070 2740; x_wconf 76' lang='lat' dir='ltr'>schol.</span> <span class='ocrx_word' id='word_1_224' title='bbox 1101 2700 1150 2738; x_wconf 95' lang='lat' dir='ltr'><em>N</em></span> <span class='ocrx_word' id='word_1_225' title='bbox 1335 2703 1416 2750; x_wconf 86' lang='lat'>633</span> <span class='ocrx_word' id='word_1_226' title='bbox 1444 2701 1525 2740; x_wconf 89' lang='lat' dir='ltr'>arti</span> <span class='ocrx_word' id='word_1_227' title='bbox 1555 2700 1599 2739; x_wconf 91' lang='lat' dir='ltr'><em>P</em></span> <span class='ocrx_word' id='word_1_228' title='bbox 1662 2724 1665 2727; x_wconf 60' lang='lat'>&gt;</span> <span class='ocrx_word' id='word_1_229' title='bbox 1784 2703 1864 2750; x_wconf 87' lang='lat'>634</span> 
     </span>
     <span class='ocr_line' id='line_1_33' title="bbox 198 2754 1864 2806; baseline 0 -12"><span class='ocrx_word' id='word_1_230' title='bbox 198 2755 368 2794; x_wconf 86' lang='lat' dir='ltr'>vexavit</span> <span class='ocrx_word' id='word_1_231' title='bbox 398 2754 574 2794; x_wconf 82' lang='lat' dir='ltr'>Mueller</span> <span class='ocrx_word' id='word_1_232' title='bbox 746 2757 825 2804; x_wconf 88' lang='lat'>637</span> <span class='ocrx_word' id='word_1_233' title='bbox 856 2755 969 2794; x_wconf 87' lang='lat' dir='ltr'>ferro</span> <span class='ocrx_word' id='word_1_234' title='bbox 989 2754 1026 2792; x_wconf 96' lang='lat' dir='ltr'><em>L</em></span> <span class='ocrx_word' id='word_1_235' title='bbox 1049 2755 1127 2806; x_wconf 82' lang='lat' dir='ltr'>(ad</span> <span class='ocrx_word' id='word_1_236' title='bbox 1151 2755 1269 2794; x_wconf 81' lang='lat' dir='ltr'>Theb.</span> <span class='ocrx_word' id='word_1_237' title='bbox 1291 2755 1349 2795; x_wconf 90' lang='lat' dir='ltr'>iii.</span> <span class='ocrx_word' id='word_1_238' title='bbox 1374 2756 1469 2806; x_wconf 83' lang='lat'><strong>152)</strong></span> <span class='ocrx_word' id='word_1_239' title='bbox 1634 2756 1717 2804; x_wconf 87' lang='lat'>638</span> <span class='ocrx_word' id='word_1_240' title='bbox 1745 2755 1864 2794; x_wconf 87' lang='lat' dir='ltr'>tenui</span> 
     </span>
     <span class='ocr_line' id='line_1_34' title="bbox 199 2809 1866 2860; baseline 0 -12"><span class='ocrx_word' id='word_1_241' title='bbox 199 2810 281 2848; x_wconf 87' lang='lat' dir='ltr'>iam</span> <span class='ocrx_word' id='word_1_242' title='bbox 309 2810 352 2848; x_wconf 91' lang='lat' dir='ltr'>in</span> <span class='ocrx_word' id='word_1_243' title='bbox 377 2810 472 2848; x_wconf 89' lang='lat' dir='ltr'>luce</span> <span class='ocrx_word' id='word_1_244' title='bbox 492 2809 637 2860; x_wconf 65' lang='lat' dir='ltr'>scrzjbsi</span> <span class='ocrx_word' id='word_1_245' title='bbox 657 2809 743 2849; x_wconf 89' lang='lat' dir='ltr'>coll.</span> <span class='ocrx_word' id='word_1_246' title='bbox 768 2809 847 2849; x_wconf 76' lang='lat' dir='ltr'>Sil.</span> <span class='ocrx_word' id='word_1_247' title='bbox 867 2809 961 2848; x_wconf 86' lang='lat' dir='ltr'>Ital.</span> <span class='ocrx_word' id='word_1_248' title='bbox 983 2809 1111 2848; x_wconf 87' lang='lat' dir='ltr'>ii.122</span> <span class='ocrx_word' id='word_1_249' title='bbox 1132 2823 1141 2847; x_wconf 72' lang='grc' dir='ltr'>ε</span> <span class='ocrx_word' id='word_1_250' title='bbox 1171 2809 1399 2848; x_wconf 90' lang='lat' dir='ltr'>etiamnum</span> <span class='ocrx_word' id='word_1_251' title='bbox 1420 2810 1463 2848; x_wconf 89' lang='lat' dir='ltr'>in</span> <span class='ocrx_word' id='word_1_252' title='bbox 1483 2809 1577 2849; x_wconf 90' lang='lat' dir='ltr'>luce</span> <span class='ocrx_word' id='word_1_253' title='bbox 1606 2809 1675 2849; x_wconf 68' lang='grc' dir='ltr'>ωδ</span> <span class='ocrx_word' id='word_1_254' title='bbox 1693 2823 1704 2849; x_wconf 69' lang='lat'>2</span> <span class='ocrx_word' id='word_1_255' title='bbox 1732 2815 1775 2849; x_wconf 85' lang='lat' dir='ltr'>et</span> <span class='ocrx_word' id='word_1_256' title='bbox 1793 2810 1866 2848; x_wconf 89' lang='lat' dir='ltr'>ad-</span> 
     </span>
     <span class='ocr_line' id='line_1_35' title="bbox 200 2863 1866 2915; baseline 0.001 -13"><span class='ocrx_word' id='word_1_257' title='bbox 200 2865 281 2902; x_wconf 93' lang='lat' dir='ltr'>huc</span> <span class='ocrx_word' id='word_1_258' title='bbox 311 2863 441 2902; x_wconf 83' lang='lat' dir='ltr'><em>PN2:</em></span> <span class='ocrx_word' id='word_1_259' title='bbox 473 2864 591 2912; x_wconf 79' lang='lat' dir='ltr'>Bodl.</span> <span class='ocrx_word' id='word_1_260' title='bbox 617 2864 720 2903; x_wconf 85' lang='lat' dir='ltr'>Can.</span> <span class='ocrx_word' id='word_1_261' title='bbox 739 2867 791 2913; x_wconf 90' lang='lat'>76</span> <span class='ocrx_word' id='word_1_262' title='bbox 821 2864 863 2902; x_wconf 90' lang='lat' dir='ltr'>in</span> <span class='ocrx_word' id='word_1_263' title='bbox 889 2864 1000 2902; x_wconf 91' lang='lat' dir='ltr'>nube</span> <span class='ocrx_word' id='word_1_264' title='bbox 1030 2864 1070 2901; x_wconf 85' lang='lat' dir='ltr'><em>A</em></span> <span class='ocrx_word' id='word_1_265' title='bbox 1103 2863 1213 2902; x_wconf 86' lang='lat' dir='ltr'>unde</span> <span class='ocrx_word' id='word_1_266' title='bbox 1240 2864 1313 2903; x_wconf 86' lang='lat' dir='ltr'>leti</span> <span class='ocrx_word' id='word_1_267' title='bbox 1343 2863 1425 2902; x_wconf 87' lang='lat' dir='ltr'>iam</span> <span class='ocrx_word' id='word_1_268' title='bbox 1456 2864 1501 2902; x_wconf 88' lang='lat' dir='ltr'>in</span> <span class='ocrx_word' id='word_1_269' title='bbox 1525 2864 1639 2904; x_wconf 91' lang='lat' dir='ltr'>nube</span> <span class='ocrx_word' id='word_1_270' title='bbox 1668 2864 1767 2903; x_wconf 77' lang='lat' dir='ltr'>olim</span> <span class='ocrx_word' id='word_1_271' title='bbox 1795 2876 1866 2915; x_wconf 81' lang='lat' dir='ltr'>ego</span> 
     </span>
     <span class='ocr_line' id='line_1_36' title="bbox 200 2917 1035 2969; baseline -0.002 -11"><span class='ocrx_word' id='word_1_272' title='bbox 200 2920 281 2968; x_wconf 85' lang='lat'>645</span> <span class='ocrx_word' id='word_1_273' title='bbox 311 2917 587 2969; x_wconf 85' lang='lat' dir='ltr'>proturbabat</span> <span class='ocrx_word' id='word_1_274' title='bbox 611 2918 754 2966; x_wconf 83' lang='lat' dir='ltr'>sortin</span> <span class='ocrx_word' id='word_1_275' title='bbox 775 2923 811 2956; x_wconf 86' lang='lat' dir='ltr'>et</span> <span class='ocrx_word' id='word_1_276' title='bbox 829 2931 964 2969; x_wconf 82' lang='lat' dir='ltr'>marg.</span> <span class='ocrx_word' id='word_1_277' title='bbox 993 2918 1035 2956; x_wconf 91' lang='grc' dir='ltr'><em>Β</em></span> 
     </span>
    </p>
   </div>
  </div>
 </body>
</html>
