1884 3204
940 87 1349 138 THEBAIDOS
1386 89 1602 136 LIBER
1638 90 1712 137 IX

62 229 195 280 idem
228 227 372 277 ardor
405 225 586 276 rabidis
621 233 876 275 externum
911 224 1102 275 haurire
1137 241 1360 274 cruorem
1631 230 1711 285 675

61 325 120 360 ac
153 307 338 357 fudisse
372 322 516 355 suum
533 323 547 367 ;
595 321 689 355 nec
724 321 777 354 se
811 303 1015 368 vestigia
1050 313 1255 364 mutant,

63 396 157 440 stat
189 403 349 437 cuneo
384 386 544 436 defixa
577 384 720 444 acieS,
758 384 989 448 hostique
1023 394 1228 434 cruento

31 527 33 530 Α
62 467 182 519 dant
215 465 402 515 animas
438 474 487 515 et
522 473 655 529 terga
690 473 900 529 negant:
947 481 1063 514 cum
1098 466 1236 529 lapsa
1270 482 1357 529 per
1391 480 1532 514 auras

61 545 238 598 vertice
274 544 469 595 Dircaei
503 546 645 594 velox
680 544 890 594 Latonia
925 544 1107 594 montis
1331 605 1335 608 ⁵

59 625 242 687 astitit3
287 633 561 688 agnoscunt
595 626 746 674 colles
781 633 1052 689 notamque
1087 623 1335 675 tremescit
1629 631 1713 674 680

58 705 178 759 silva
211 706 370 764 deam,
408 703 564 754 saevis
599 704 685 754 ubi
721 706 975 768 quondam
1011 714 1200 755 exserta
1235 704 1420 769 sagittis

51 786 320 838 'fecundam
356 786 485 834 lasso
521 784 721 835 Nioben
755 794 1129 849 consumpserat
1163 802 1287 835 arcu.

85 895 88 898 ·
126 866 274 916 Illum
308 864 437 914 acies
473 863 599 914 inter
633 874 811 929 coepta
844 865 943 915 iam
978 867 1132 915 caede
1174 865 1443 930 superbum

58 944 250 997 nescius
285 961 533 994 armorum
569 953 618 995 et
653 945 832 1010 primas
868 955 987 995 tunc
1023 963 1196 1011 passus
1231 947 1452 996 habenas

56 1034 258 1077 venator
291 1026 514 1090 raptabat
549 1042 718 1089 equuS,
758 1042 907 1089 quem
943 1026 1158 1076 discolor
1191 1026 1348 1076 ambit
1630 1033 1711 1089 685

57 1104 188 1170 tigris
223 1114 272 1155 et
305 1106 484 1155 auratis
518 1107 806 1157 adverberat
841 1106 1087 1171 unguibus
1122 1123 1298 1156 armos.

57 1186 182 1236 colla
215 1186 390 1236 sedent
424 1186 568 1236 nodis
604 1195 654 1236 et
688 1186 922 1251 castigata
956 1186 1183 1236 iubarum

55 1265 264 1326 libertas,
302 1266 616 1330 nemorisque
651 1275 799 1316 notae
834 1267 927 1316 sub
961 1276 1162 1331 pectore
1196 1267 1356 1332 primo

57 1344 296 1396 iactantur
329 1345 474 1395 niveo
509 1348 677 1395 lunata
712 1347 915 1396 monilia
949 1349 1114 1397 dente.

56 1425 161 1491 ipse
194 1425 270 1476 bis
305 1426 516 1477 Oebalio
552 1435 816 1476 saturatam
852 1427 1038 1477 murice
1072 1429 1254 1492 pallam
1630 1434 1713 1490 690

56 1506 364 1571 lucentisque
397 1523 518 1556 auro
553 1507 744 1557 tunicas
781 1507 899 1574 (hoc
935 1517 1134 1558 neverat
1169 1525 1325 1557 unum

58 1595 211 1638 mater
244 1587 391 1653 opus)
427 1588 564 1638 tenui
598 1590 834 1638 collectus
869 1588 922 1637 in
956 1588 1039 1638 ilia
1073 1588 1252 1649 vinclO‚

57 1667 333 1732 cornipedis
367 1670 506 1718 laevo
540 1668 755 1733 clipeum
790 1669 1053 1719 demiserat
1087 1687 1237 1730 arm0,

57 1763 174 1799 ense
207 1748 363 1812 gravis
398 1748 582 1799 nimio:
629 1749 770 1800 tereti
804 1750 938 1799 iuvat
972 1767 1120 1800 aurea
1155 1767 1322 1800 morsu

23 1886 27 1890 ,
56 1829 208 1879 fibula
241 1830 502 1894 pendentis
538 1829 724 1879 circum
758 1833 910 1880 latera
943 1848 1115 1896 aspera
1150 1831 1355 1891 cinctuS‚
1626 1838 1680 1893 69
1686 1852 1709 1894 5

56 1910 358 1976 vaginaeque
394 1928 572 1961 sonum
608 1914 972 1976 tremulumque
1007 1912 1176 1963 audire
1211 1914 1468 1976 pharetrae

57 2007 276 2041 murmur
310 2001 359 2042 et
393 2008 423 2040 a
457 2008 586 2042 cono
622 1992 794 2042 missas
828 1992 880 2042 in
915 2002 1049 2058 terga
1083 2002 1317 2055 catena83

54 2071 302 2123 interdum
338 2072 506 2123 cristas
540 2073 704 2123 hilaris
740 2074 920 2124 iactare
955 2074 1197 2124 comantis

56 2162 105 2204 et
138 2153 327 2218 pictum
362 2153 569 2218 gemmis
604 2156 771 2219 galeae
805 2154 957 2204 iubar.
1030 2164 1105 2204 ast
1140 2155 1227 2204 ubi
1262 2171 1428 2219 pugna

108 2283 190 2331 676
218 2295 296 2323 nec
315 2295 363 2322 se
384 2282 605 2335 (suprascr.
625 2296 700 2323 sua
724 2283 824 2335 nec)
843 2283 888 2322 D
1049 2286 1128 2335 677
1149 2285 1400 2336 hostemque
1427 2284 1470 2323 P
1629 2286 1711 2336 678

56 2337 221 2376 animos
239 2336 281 2375 P
387 2343 536 2376 natant
552 2336 608 2376 P1
629 2351 639 2377 z
678 2343 824 2377 notant
842 2337 899 2376 P²
918 2352 928 2378 ε
962 2343 1109 2377 vetant
1126 2337 1321 2390 Postgate
1482 2340 1563 2378 682
1591 2338 1710 2380 laeso

55 2389 123 2429 P:
161 2390 326 2430 Nioben
348 2390 457 2430 lasso
476 2391 524 2430 N
653 2393 734 2441 683
763 2397 914 2443 coepta
932 2391 1178 2431 Kohlmann
1199 2407 1208 2432 ε
1248 2398 1421 2442 coeptas
1439 2392 1482 2431 P
1501 2407 1510 2433 :
1548 2394 1710 2434 medias

55 2443 265 2484 BDKNS
279 2459 289 2484 :
327 2445 437 2485 inter
455 2445 617 2485 medias
638 2447 752 2485 acies
772 2446 810 2496 Q
830 2460 840 2485 ε
879 2446 939 2486 ad
951 2447 1063 2485 hunc
1078 2460 1245 2486 versum
1270 2448 1314 2486 in
1338 2461 1470 2499 marg.
1493 2448 1541 2486 N
1563 2448 1714 2499 legitur

55 2497 264 2539 silvestris
292 2499 457 2550 pecoris
486 2505 530 2539 et
563 2500 694 2539 multa
723 2506 862 2550 strage
897 2501 1080 2540 ferarum
1117 2502 1337 2541 monastici
1359 2502 1535 2541 alicuius
1558 2502 1713 2553 pecoris

31 2592 34 2595 Δ
55 2551 282 2592 lucubratio
425 2554 506 2592 688
535 2560 654 2593 notat
671 2553 727 2592 P1
880 2557 958 2605 691
991 2561 1166 2594 neverat
1186 2568 1289 2595 auro
1311 2555 1364 2605 Q,
1383 2555 1456 2594 sed
1471 2555 1568 2596 add.
1588 2557 1707 2598 schol.

57 2605 199 2647 eadem
239 2607 359 2647 verba
397 2620 501 2658 quae
532 2608 575 2647 in
610 2609 719 2648 Lact.
760 2607 820 2648 ad
852 2608 922 2649 loc.
962 2609 1243 2658 inveniuntur,
1297 2613 1363 2649 ‘et
1401 2610 1511 2649 bene
1548 2623 1680 2649 unum
1697 2612 1708 2632 ’

55 2665 120 2701 etc.
338 2662 418 2711 694
446 2662 563 2701 iubet
589 2661 655 2701 P:
697 2662 799 2711 ligat
831 2675 851 2701 e
876 2662 985 2703 codd.
1023 2663 1282 2704 Gronovius:
1319 2671 1444 2704 vorat
1463 2665 1712 2715 temptabam

55 2714 141 2755 coll.
157 2714 246 2755 Sua.
262 2714 344 2767 Ap.
363 2715 563 2767 Panegyr.
577 2716 684 2767 Imp.
703 2716 852 2757 Maior.
875 2730 924 2766 19
935 2717 1036 2768 sqq„
1052 2717 1125 2756 sed
1138 2718 1186 2768 cf.
1208 2717 1284 2759 Sil.
1302 2718 1396 2758 Ital.
1419 2718 1472 2758 iv.
1499 2731 1548 2768 14
1630 2721 1711 2769 695

57 2769 186 2809 ardua
202 2768 245 2808 A
415 2771 498 2821 696
525 2771 815 2822 tremulaeque
859 2771 944 2812 edd.
982 2776 1071 2811 vett.
1112 2771 1184 2823 <M
1194 2772 1226 2823 Ζ)
1250 2786 1260 2812 :
1299 2773 1404 2823 fort.
1445 2774 1712 2823 vaginaeque

55 2822 209 2863 bonum
241 2823 322 2876 (vel
347 2823 502 2863 bonum
530 2827 615 2877 est)
646 2824 937 2875 tremulaeque
1065 2826 1212 2866 audire
1243 2831 1466 2880 (suprascr.
1499 2827 1709 2879 †ambire)

58 2874 101 2916 D
261 2878 341 2928 697
371 2878 485 2919 corio
504 2878 547 2918 A
713 2881 795 2931 699
824 2892 994 2931 pugnae
1012 2879 1053 2919 P
