1884 3204
994 51 1406 101 THEBAIDOS
1443 50 1657 99 LIBER
1695 50 1766 98 IV

118 190 387 255 spirantum
424 189 570 248 rabie,
610 205 703 238 nec
738 187 860 236 tristi
896 186 1184 236 incumbere
1221 188 1358 236 sulco

117 287 244 331 cura,
283 272 369 319 sed
404 271 644 318 alternum
683 268 786 317 sitis
822 266 1074 316 exhaurire
1109 260 1366 317 cruorem(
1689 273 1770 325 560

74 342 77 348 ¹
117 351 337 415 proxima
371 359 596 398 natarum
634 365 810 397 manus
847 356 921 396 est
957 347 1158 411 fletique
1194 357 1413 411 nepotes.

107 431 196 497 *hic
231 431 402 480 orbam
438 432 704 478 Autonoen
741 437 790 477 et
824 429 1054 476 anhelam
1090 427 1334 477 cernimus
1374 430 1467 476 Ino

33 526 35 528 ’
115 520 472 576 respectantem
508 525 648 557 arcus
685 518 734 557 et
768 509 834 557 ad
869 509 1021 557 ubera
1056 510 1202 557 dulce
1238 517 1544 571 prementem

69 655 73 658 ῃ
115 594 290 659 pignus
326 602 375 641 et
410 589 649 654 oppositis
685 591 912 639 Semelen
948 606 978 639 a
1013 598 1181 639 ventre
1216 589 1422 638 lacertis.

116 675 336 724 Penthea
370 671 467 720 iarn
502 671 665 720 fractis
700 670 919 734 genetrix
955 669 1196 720 Cadmeia
1232 669 1422 733 thyrsis,
1688 675 1768 730 565

102 749 312 818 *iamque
347 752 550 802 remissa
585 754 695 812 de0,
734 761 1007 815 pectusque
1042 753 1280 815 adoperta
1315 759 1589 810 cruentum,

74 891 91 906 ο,
115 833 387 898 insequitur
421 835 622 896 planctu
639 851 653 893 3
700 831 822 895 fugit
858 832 938 880 ille
974 848 1060 896 per
1094 831 1204 880 avia
1239 833 1422 880 Lethes

115 914 390 979 etvStygios
426 930 572 976 super
607 930 764 976 usque
801 915 950 973 lacus,
989 912 1076 961 ubi
1112 911 1275 963 mitior
1311 911 1450 960 illum

91 995 198 1043 ‘flet
233 1001 370 1056 pater
406 1001 454 1040 et
489 994 705 1040 lacerum
742 990 998 1053 componit
1034 1007 1213 1054 corpus
1250 989 1460 1039 Echion.

91 1072 300 1129 ,tristem
337 1089 492 1122 nosco
528 1074 718 1135 Lycum
754 1073 1076 1135 dextramque
1112 1070 1162 1119 in
1198 1080 1332 1134 terga
1366 1071 1601 1119 reflexum
1690 1084 1772 1131 570

115 1153 375 1213 Aeoliden,
413 1169 584 1202 umero
619 1152 885 1202 iactantem
920 1154 1068 1201 funus
1105 1161 1300 1202 onusto.

115 1236 330 1284 necdum
366 1233 446 1282 ille
481 1242 566 1282 aut
601 1233 798 1292 habitus
833 1242 918 1282 aut
953 1250 1121 1282 versae
1156 1231 1360 1281 crimina
1395 1232 1582 1280 formae

117 1324 272 1367 mutat
306 1314 534 1363 Aristaeo
564 1313 790 1377 genitus:
838 1315 973 1362 frons
1009 1330 1182 1376 aspera
1216 1329 1386 1372 cornu,

116 1397 213 1445 tela
246 1411 410 1454 manu,
451 1393 687 1457 reicitque
723 1410 870 1443 canes
906 1393 957 1442 in
991 1395 1170 1442 vulnus
1205 1391 1399 1442 hiantis.

117 1493 233 1526 ecce
267 1484 433 1524 autem
470 1491 647 1538 magna
683 1474 815 1523 subit
851 1474 1096 1524 invidiosa
1130 1483 1326 1523 caterva
1692 1490 1772 1535 575

117 1553 337 1603 Tantalis
373 1562 421 1601 et
456 1552 649 1601 tumido
684 1561 940 1615 percenset
975 1554 1148 1601 funera
1183 1554 1334 1611 luctu,

116 1634 186 1685 nil
219 1634 411 1684 deiecta
446 1633 586 1682 malis
604 1651 617 1695 3
666 1633 798 1682 iuvat
834 1633 1060 1697 effugisse
1096 1634 1304 1682 deorum

117 1715 323 1765 numina
357 1724 405 1764 et
440 1714 642 1764 insanae
678 1716 788 1777 plus
823 1713 922 1763 iam
957 1713 1239 1777 permittere
1280 1713 1506 1776 linguae.'

123 1784 128 1789 ¹
184 1795 326 1845 Talia
359 1797 480 1844 dum
516 1794 640 1859 patri
676 1794 807 1843 canit
842 1794 1132 1844 intemerata
1166 1796 1412 1854 sacerdos,

122 1877 251 1927 illius
285 1876 423 1926 elatis
460 1877 745 1926 tremefacta
779 1893 1031 1939 assurgere
1066 1875 1197 1925 vittis
1697 1884 1778 1935 580

119 1957 322 2007 canities
358 1966 630 2019 tenuesque
665 1955 852 2019 impelli
888 1956 1125 2019 sanguine
1159 1958 1335 2006 vultus.

119 2054 212 2086 nec
246 2037 344 2084 iarn
381 2036 594 2085 firmanti
629 2036 809 2085 baculo
845 2053 937 2085 nec
972 2036 1156 2100 virgine
1192 2038 1292 2086 fida

122 2116 304 2178 nititur,
342 2126 632 2180 erectusque
668 2118 774 2165 solo
814 2121 825 2143 ‘
846 2116 1042 2166 Desiste
1078 2119 1319 2177 canendo,

122 2199 266 2258 nata,'
300 2196 382 2256 ait,
424 2201 678 2246 ‘externae
714 2196 829 2245 satis
865 2206 938 2247 est
974 2197 1095 2246 mihi
1130 2198 1267 2259 lucis,
1305 2197 1485 2247 inertes

121 2276 386 2326 discedunt
422 2277 646 2337 nebulae,
684 2286 733 2326 et
768 2278 958 2326 vultum
995 2278 1132 2341 niger
1167 2278 1342 2328 exserit
1376 2295 1470 2328 aer.
1695 2275 1776 2341 585

174 2417 255 2455 559
283 2405 461 2455 spiranti
480 2405 647 2457 Bentley
665 2418 684 2445 e
699 2404 783 2444 cod.
895 2405 1010 2445 fosso
1029 2406 1071 2445 P
1087 2410 1126 2447 et
1142 2420 1224 2457 mg.
1248 2407 1286 2447 S
1450 2409 1530 2455 560
1558 2406 1650 2446 sitis
1667 2407 1748 2446 PA
1769 2422 1778 2447 ε

71 2503 88 2512 Α,
121 2459 293 2508 cupiunt
314 2458 474 2504 (†sitis)
493 2458 538 2498 D
559 2473 569 2498 ε
597 2465 806 2510 cuperent
825 2458 1032 2511 BKNQS
1140 2462 1363 2500 exhaurire
1383 2460 1464 2499 PA
1485 2475 1494 2501 :
1522 2461 1692 2501 haurire
1712 2461 1783 2500 ωδ

30 2504 34 2510 ’
87 2515 195 2563 ·.56ι
234 2513 376 2562 ssexiq.
423 2513 466 2551 P
679 2515 760 2563 566
789 2516 955 2564 iamque
1002 2515 1179 2555 remissa
1217 2515 1330 2556 PA:
1379 2515 1460 2554 iam
1499 2515 1671 2554 dimissa
1712 2516 1782 2555 ωδ

115 2562 320 2617 'adaperta
341 2565 516 2606 Gronov.
538 2566 641 2618 edd.‚
650 2568 754 2617 sor-¹.
778 2573 872 2607 recte
1038 2570 1119 2618 568
1146 2582 1277 2619 super
1295 2582 1429 2623 usque
1447 2570 1493 2608 N
1508 2574 1546 2608 ct
1555 2576 1621 2620 pr.
1647 2583 1702 2610 m.
1718 2569 1756 2611 S
1771 2584 1782 2609 τ

118 2633 382 2671 superosque
401 2620 640 2674 BDQng]
664 2635 673 2661 ε
700 2635 829 2671 super
846 2635 977 2672 asque
995 2622 1033 2662 S
1049 2637 1119 2663 sec.
1145 2638 1201 2662 m.
1225 2638 1234 2663 ε
1263 2636 1393 2674 super
1411 2624 1562 2674 ipseP
1628 2625 1782 2663 ianitor

119 2673 184 2715 P:
212 2676 315 2726 fort.
347 2675 530 2714 inaniter
722 2678 803 2726 569
831 2677 1004 2729 corpus]
1027 2684 1179 2727 pectus
1199 2679 1239 2716 A
1438 2690 1518 2727 570
1547 2678 1781 2728 dextraque

119 2728 206 2768 ΡΝ
309 2741 388 2780 574
418 2729 528 2778 pelle
547 2742 694 2769 manus
713 2730 827 2769 Koch
937 2733 1020 2780 576
1046 2732 1165 2784 vultu
1184 2730 1398 2780 Schrader,
1422 2732 1504 2771 coll.
1521 2731 1598 2771 Sil.
1612 2732 1708 2772 Ital.
1722 2733 1777 2772 vi.

120 2784 200 2833 698
382 2784 462 2832 578
491 2784 757 2824 committere
786 2784 834 2822 N
1005 2788 1085 2835 582
1117 2787 1253 2825 firmat
1274 2786 1356 2825 iter
1382 2786 1514 2825 Barth
1699 2788 1780 2836 585

123 2837 258 2876 exerit
286 2836 549 2889 Lachmann,
583 2838 667 2878 coll.
696 2837 797 2879 Silv.
820 2852 857 2879 v.
880 2852 919 2889 3.
945 2852 1022 2890 104
1044 2855 1053 2880 ε
1095 2841 1212 2880 exuit
1231 2840 1342 2881 codd.
1365 2841 1504 2890 sedes.
1534 2840 1644 2891 Va'rg.
1667 2843 1778 2880 Aen.

122 2903 160 2932 v.
184 2902 262 2941 423

1623 2950 1644 2989 7
1651 2949 1672 2974 z
