1884 3204
1002 77 1414 126 THEBAIDOS
1451 79 1667 126 LIBER
1703 81 1779 130 VI

129 214 383 267 bracchia:
430 212 506 261 vix
541 212 747 275 requies,
784 211 882 259 iam
917 229 1011 260 vox
1046 212 1164 261 citat
1198 215 1350 262 altera
1385 231 1560 263 remos.

80 344 84 353 ,
127 311 244 346 ecce
277 296 447 343 iterum
484 291 750 340 immodice
785 291 1063 340 venientem
1099 295 1255 342 eludit
1290 303 1340 342 et
1374 294 1472 343 exit

129 383 305 440 sponte
338 389 481 422 ruens
517 388 803 434 mersusque
841 371 1050 420 umeris:
1098 373 1366 423 effunditur
1401 374 1482 423 ille

126 455 178 504 in
212 463 372 518 caput,
407 462 741 515 assurgentem
775 452 872 501 alio
906 469 1027 516 puer
1062 452 1316 516 improbus
1352 454 1453 503 ictu

128 534 332 600 perculit
365 542 643 596 eventuque
678 532 919 596 impalluit
954 532 1059 596 ipse
1094 536 1330 583 secundo.
1701 545 1782 596 805

74 657 79 661 .
125 617 389 676 clamorem
426 612 710 675 Inachidae,
745 622 986 676 quantum
1020 630 1122 662 non
1158 614 1312 675 litora,
1337 607 1543 675 tollunt,
1741 617 1746 621 ’

91 711 228 754 „non
252 710 468 743 nemora.
537 693 674 741 illum
706 695 770 743 ab
800 695 954 743 humo
986 704 1249 744 conantem
1283 705 1337 743 ut
1368 695 1490 745 vidit
1518 697 1759 745 Adrastus

126 777 479 837 tollentemque
516 791 689 823 manus
724 784 773 824 et
807 792 910 823 non
945 777 1201 825 toleranda
1237 786 1523 840 parantem:

91 897 95 900 .
130 858 248 916 ‘Ite,
286 871 387 915 oro,
425 855 559 915 socii,
597 855 723 915 furit,
761 855 840 916 ite,
879 857 1117 920 opponite
1152 858 1358 917 dextras,

128 918 365 996 festinate,
403 935 530 995 furit,
568 938 884 999 palmamque
920 946 969 986 et
1004 937 1223 1000 praemia
1257 939 1407 987 ferte!
1702 948 1782 986 810

13 1007 15 1012 ’
46 1052 49 1053 ⁷
127 1034 229 1067 non
265 1016 410 1081 prius,
449 1018 648 1066 effracto
683 1034 833 1081 quam
870 1017 1074 1067 misceat
1108 1035 1221 1067 ossa
1255 1020 1474 1080 cerebro,

126 1098 344 1158 absistet,
381 1098 540 1157 video,
581 1098 869 1147 moriturum
903 1100 1089 1148 auferte
1126 1102 1355 1149 Lacona.'

129 1197 221 1229 nec
257 1196 406 1238 mora,
445 1178 716 1242 prorumpit
750 1181 965 1242 TydeuS,
1003 1197 1097 1228 nec
1132 1179 1264 1229 iussa
1298 1190 1489 1229 recusat

133 1260 490 1324 Hippomedon
508 1277 521 1319 ;
568 1268 686 1308 tunc
721 1259 799 1308 vix
833 1261 984 1309 ambo
1019 1260 1279 1310 conatibus
1315 1262 1488 1310 ambas

130 1341 422 1404 restringunt
457 1339 792 1403 cohibentque
828 1358 1002 1389 manus
1037 1357 1096 1389 ac
1132 1341 1341 1404 plurima
1376 1343 1619 1390 suadent:
1700 1351 1747 1389 81
1757 1362 1779 1402 5

132 1428 143 1448 ‘
164 1421 352 1482 Vincis,
384 1420 498 1480 abi3
543 1422 802 1484 pulchrum
839 1421 987 1469 vitam
1025 1423 1211 1470 donare
1254 1421 1444 1471 minori.

132 1512 296 1552 noster
329 1511 379 1551 et
414 1501 493 1550 hic
528 1500 744 1564 bellique
779 1504 977 1550 comes.²
1048 1501 1115 1549 nil
1151 1502 1386 1566 frangitur
1420 1505 1583 1572 heros,

131 1599 420 1646 ramumque
455 1581 776 1645 oblatumque
813 1599 963 1630 manu
998 1584 1200 1631 thoraca
1234 1584 1423 1647 repellit

131 1664 435 1714 vociferans:
487 1668 498 1689 ‘
515 1662 716 1712 Liceat!
765 1680 867 1711 non
902 1665 990 1712 has
1026 1680 1118 1727 ego
1154 1667 1354 1727 pulvere
1389 1682 1553 1714 crasso

125 1756 274 1810 atque
308 1761 478 1794 cruore
512 1761 675 1808 genas,
714 1744 889 1793 meruit
924 1745 1103 1808 quibus
1139 1745 1232 1794 ista
1266 1745 1465 1795 iuventa
1703 1756 1786 1795 820

131 1825 338 1885 semivir,
376 1825 615 1874 infodiam
651 1825 943 1888 mittamque
977 1825 1187 1874 informe
1221 1829 1447 1890 sepulcro

130 1924 307 1972 corpus
342 1916 391 1955 et
427 1906 637 1971 Oebalio
673 1907 858 1954 donem
892 1908 1057 1969 lugere
1093 1906 1393 1970 magistro?'

130 1987 249 2036 dicit
268 2006 281 2047 3
324 1997 375 2036 at
409 1989 543 2035 hunc
578 1986 699 2035 socii
734 1986 980 2036 tumidum
1017 1998 1066 2036 et
1100 1989 1272 2037 vicisse
1308 1999 1570 2052 negantem

126 2077 363 2127 avertunt,
400 2077 570 2116 contra
604 2069 807 2116 laudant
840 2067 1041 2132 insignis
1076 2072 1332 2118 alumnum

132 2147 336 2212 Taygeti
371 2150 616 2211 longeque
652 2148 808 2196 minas
844 2148 989 2198 risere
1026 2152 1263 2200 Lacones.
1306 2183 1311 2188 ·
1704 2161 1786 2213 825

199 2230 500 2278 Iamdudum
535 2229 694 2278 variae
729 2231 899 2278 laudes
934 2239 983 2279 et
1019 2231 1218 2280 conscia
1251 2231 1400 2280 virtus

134 2311 306 2373 Tydea
340 2309 708 2372 magnanimum
745 2309 951 2359 stimulis
987 2311 1267 2374 ingentibus
1301 2321 1501 2376 angunt.

131 2391 212 2440 ille
246 2390 448 2454 quidem
484 2400 532 2439 et
567 2390 706 2439 disco
741 2391 902 2439 bonus
937 2401 987 2440 et
1020 2395 1321 2442 contendere
1356 2410 1514 2453 cursu,

70 2506 74 2508 -
131 2488 225 2520 nec
259 2481 425 2520 caestu
462 2471 642 2520 bellare
678 2471 850 2531 minor,
889 2474 977 2521 sed
1012 2490 1128 2523 cura
1162 2474 1354 2523 labores

180 2603 256 2640 801
286 2600 387 2639 citat
409 2599 476 2640 P:
503 2602 586 2640 ciet
603 2616 634 2638 ω
797 2603 878 2640 808
904 2608 1126 2651 parentem
1146 2603 1188 2641 P
1310 2604 1390 2652 815
1417 2604 1702 2655 cohibentque
1722 2605 1788 2645 P:

132 2655 445 2707 prohibentque
479 2654 702 2705 BDKQN,
736 2655 785 2694 de
813 2655 850 2694 S
879 2669 962 2695 non
1000 2657 1126 2707 liquet
1357 2659 1438 2697 816
1467 2659 1689 2709 pulchrum
1724 2660 1789 2700 P:

120 2709 349 2760 'pulchrum
385 2715 450 2748 est
483 2724 514 2746 ω
678 2711 758 2759 819
787 2711 863 2748 has
894 2724 980 2750 non
1016 2711 1055 2761 Q
1175 2711 1353 2751 vulnere
1386 2712 1429 2750 P
1600 2715 1682 2753 820
1710 2715 1790 2754 ista

133 2766 303 2803 iuventa
322 2762 364 2800 P
381 2763 516 2812 (quod
529 2763 732 2804 vindicavi
741 2764 896 2813 Journ.
916 2765 1023 2804 Phil.
1046 2766 1166 2817 lviii.)
1188 2780 1197 2805 z
1227 2766 1306 2806 iste
1326 2766 1510 2806 savorem
1530 2766 1600 2805 ωδ
1708 2770 1790 2820 823

135 2818 232 2856 dicit
259 2816 326 2856 P:
366 2818 471 2856 dixit
505 2816 572 2857 aS
757 2819 836 2869 827
865 2819 1107 2870 ingentibus
1134 2820 1202 2859 ωδ
1226 2835 1235 2859 :
1276 2822 1525 2869 urgentibus
1554 2823 1623 2873 (ex
1646 2823 1789 2873 ingen.
1815 2831 1820 2836 ’

129 2885 226 2911 corr.
246 2872 277 2923 3)
298 2871 348 2920 P,
374 2871 423 2922 qs.
444 2885 482 2910 v.
509 2884 585 2922 143
709 2873 790 2923 829
818 2886 918 2912 cura
936 2875 1104 2927 scmpSz‘:
1133 2875 1261 2914 corde
1281 2875 1390 2916 codd.
1412 2890 1421 2915 :
1452 2888 1547 2916 cara
1563 2877 1793 2918 Markland
