1884 3204
972 83 1383 132 THEBAIDOS
1420 84 1633 132 LIBER
1672 86 1744 132 IX

99 221 320 272 turbidus
355 219 524 279 Orion,
561 218 866 282 comitesque
901 219 1065 270 odisse
1102 220 1306 270 Dianae.

77 303 214 353 »inde
247 301 370 351 furit.
441 300 651 365 primum
689 300 805 349 hinc
840 301 1062 350 turbatos
1096 302 1262 366 arripit
1296 319 1414 351 ense

12 419 15 425 Α
97 383 313 432 Arcadas
347 390 659 444 exarmatque
693 383 872 430 ducem
890 399 904 441 ς
949 381 1081 430 cadit
1114 382 1310 445 agmine
1344 384 1493 446 longo
1663 392 1742 443 845

98 464 322 526 Cyllenes
357 463 567 526 populus
603 463 892 525 Tegeesque
927 461 1173 510 habitator
1207 479 1405 526 opacae,

97 542 389 606 Aepytiique
423 543 574 591 duces
610 541 1067 605 Telphusiacaeque
1102 544 1382 606 phalanges.

73 621 255 686 -ipsum
289 631 452 672 autem
490 631 540 671 et
574 624 701 671 lassa
735 622 843 671 fidit
878 632 1185 686 prosternere
1221 624 1403 683 dextra,

94 718 185 752 nec
219 711 375 751 servat
407 701 551 752 viris:
594 702 776 752 etenim
812 704 910 752 huc
946 702 1044 752 iarn
1079 705 1236 752 sessus
1272 713 1320 752 et
1355 703 1471 752 illuc

96 783 315 832 mutabat
349 792 532 832 turmas
549 801 562 844 3
609 793 782 847 urgent
818 784 1068 847 praesagia
1103 784 1237 833 mille
1660 793 1743 845 850

90 862 286 923 funeris,
324 873 372 912 et
406 862 571 927 nigrae
606 866 908 927 praecedunt
944 865 1114 914 nubila
1155 865 1337 914 mortis.

87 942 288 1006 iamque
324 943 470 994 miser
504 962 635 994 raros
671 945 878 995 comites
913 963 1183 1010 verumque
1217 946 1418 996 vide'bat

95 1025 299 1083 Dorcea,
337 1024 434 1073 iam
470 1025 582 1074 viris
618 1026 853 1089 paulatim
888 1028 1156 1077 abscedere
1192 1027 1356 1087 sensit,

68 1102 240 1155 sensit
274 1114 323 1154 et
358 1107 617 1155 exhaustas
652 1124 824 1156 umero
858 1108 1039 1157 leviore
1073 1110 1335 1172 pharetras.

91 1184 187 1235 iam
223 1185 384 1235 minus
419 1196 568 1249 atque
605 1187 767 1237 minus
803 1190 893 1237 fert
927 1206 1063 1238 arma
1098 1206 1318 1253 puerque
1352 1189 1545 1239 videtur
1661 1199 1743 1252 855

91 1251 139 1316 et
172 1265 277 1325 sibi,
317 1283 431 1315 cum
468 1275 605 1315 torva
639 1267 783 1331 clipei
818 1271 1114 1318 metuendus
1156 1269 1340 1318 obarsit

15 1394 17 1396 ,
90 1349 199 1398 luce
235 1349 424 1410 Dryas:
471 1357 652 1397 tremor
687 1365 772 1397 ora
807 1366 982 1412 repens
1017 1367 1075 1398 ac
1110 1350 1295 1399 viscera
1330 1349 1468 1399 torsit

91 1430 312 1478 Arcados
330 1447 344 1489 3
388 1438 541 1492 utque
577 1428 663 1477 feri
699 1438 947 1479 vectorem
982 1431 1201 1480 fulminis
1237 1432 1379 1480 albus

0 1561 5 1579 Ι
90 1525 202 1558 cum
237 1526 382 1572 supra
416 1508 626 1572 respexit
660 1511 778 1569 olor,
817 1510 953 1574 cupit
987 1510 1176 1560 hiscere
1210 1511 1366 1575 ripam

0 1587 7 1596 “
90 1591 374 1653 Strymonos
410 1599 458 1639 et
492 1589 708 1653 trepidas
743 1590 794 1639 in
829 1601 1030 1655 pectora
1065 1592 1310 1641 contrahit
1344 1595 1476 1642 alas:
1663 1602 1742 1643 860

89 1669 158 1718 sic
192 1669 419 1719 iuvenem
454 1671 585 1720 saevi
621 1681 888 1736 conspecta
923 1675 1055 1722 mole
1092 1673 1323 1737 Dryantis

88 1748 184 1800 iam
219 1768 321 1800 non
356 1750 425 1800 ira
459 1752 604 1812 subit,
643 1754 731 1802 sed
762 1745 851 1803 'leti
886 1754 1089 1803 nuntius
1125 1756 1309 1804 horror.

0 1877 2 1884 ,
30 1882 34 1886 ,
87 1846 222 1881 arma
255 1841 435 1892 tamen,
473 1835 648 1882 frustra
683 1851 886 1898 superos
921 1835 1238 1899 Triviamque
1274 1845 1514 1899 precatus,

0 1901 5 1918 ²
89 1912 286 1961 molitur
319 1916 507 1977 pallens
542 1924 591 1964 et
627 1917 801 1965 surdos
837 1916 1035 1980 expedit
1069 1933 1224 1966 arcus.

0 1982 4 2059 J
87 1992 282 2056 iamque
318 1994 466 2043 instat
500 1995 608 2044 telis
644 2005 693 2045 et
728 2005 986 2060 utramque
1021 1998 1252 2061 obliquus
1288 1997 1338 2046 in
1375 2001 1543 2049 ulnam
1661 2009 1741 2059 865
1810 2044 1812 2046 .

0 2083 2 2085 ’
87 2090 271 2123 cornua
305 2075 546 2138 contingit
580 2093 816 2126 mucrone
852 2087 900 2127 et
936 2087 1136 2141 pectora
1171 2096 1354 2128 nervo:

0 2210 1 2227 χ
87 2171 200 2204 cum
236 2155 376 2205 ducis
411 2156 562 2205 Aonii
599 2174 778 2221 magno
813 2158 909 2207 cita
944 2159 1139 2208 turbine
1174 2159 1338 2223 cuspis

0 2236 2 2242 ⁸
86 2236 235 2284 fertur
269 2236 320 2284 in
354 2239 614 2286 adversum
650 2238 884 2302 nervique
919 2240 1122 2304 obliqua
1157 2242 1322 2291 sonori

86 2315 247 2366 vincla
282 2327 445 2367 secat:
493 2329 699 2382 pereunt
734 2319 859 2369 ictus
896 2321 1223 2385 manibusque
1258 2322 1471 2372 remissis

86 2413 211 2446 vana
246 2398 474 2462 supinato
509 2399 793 2450 ceciderunt
828 2402 1015 2466 spicula
1050 2421 1217 2452 cornu.
1659 2417 1741 2469 870

138 2529 218 2578 844
246 2528 346 2568 hinc
365 2529 470 2568 PB:
501 2529 569 2568 hic
591 2531 638 2581 (n
657 2531 771 2583 sup.)
796 2531 861 2581 Q:
889 2531 958 2571 hic
977 2532 1102 2572 DNS
1240 2535 1319 2583 847
1349 2535 1741 2588 Telphusiacaeque

86 2581 354 2622 Kohlmann:
382 2583 703 2634 telphusiaeque
722 2586 830 2635 BQ:
859 2586 1323 2638 delphusiacaequeP:
1361 2590 1543 2639 delphus
1572 2597 1739 2641 tegeae·

85 2649 166 2686 que
195 2636 254 2675 N:
287 2637 466 2687 delphus
498 2644 725 2689 tereeeque
763 2640 800 2678 S
806 2639 819 2662 ¹
858 2641 1010 2692 (marg.
1049 2643 1103 2680 ab.
1141 2656 1199 2682 m.
1240 2643 1471 2693 thelephee
1490 2658 1499 2683 ε
1536 2651 1740 2696 suprascr.

0 2738 2 2743 .
86 2703 157 2730 rec.
180 2704 237 2731 m.
259 2691 458 2744 delphus)
611 2694 691 2742 848
721 2694 832 2732 lassa
852 2700 897 2745 (p
916 2702 1009 2745 sup.
1031 2708 1052 2734 s
1064 2697 1195 2746 prior.
1219 2697 1336 2750 add.)
1356 2698 1395 2747 Q
1550 2699 1630 2749 849
1658 2700 1739 2740 huc

84 2750 175 2796 sup.
199 2745 269 2785 lin.
301 2745 349 2783 N
511 2746 592 2784 iam
615 2760 696 2787 om.
718 2747 761 2785 P
939 2750 1019 2798 852
1048 2762 1144 2789 raro
1163 2750 1206 2788 P
1398 2765 1628 2803 verumque
1647 2755 1717 2793 ωδ
1727 2770 1735 2795 :

85 2799 423 2849 superumqueP
583 2803 664 2851 854
692 2802 825 2841 sensit
837 2802 914 2841 ΡΞ
927 2818 937 2842 :
966 2804 1093 2843 sentit
1112 2804 1280 2855 BDNQ
1455 2807 1536 2857 858
1563 2808 1680 2847 alvos
1701 2809 1744 2847 P

83 2852 163 2901 865
191 2853 370 2891 obnixus
390 2853 654 2894 Phillimore:
683 2856 835 2895 oblitus
854 2856 896 2896 in
919 2870 1064 2896 urnam
1083 2858 1127 2897 P
1287 2861 1368 2910 869
1389 2862 1574 2901 recussis
1593 2862 1739 2902 Philli-

0 2929 2 2958 g
86 2919 198 2944 more
331 2909 414 2957 870
441 2922 635 2960 vanaque
655 2910 810 2960 supino
830 2910 873 2949 P

141 2972 254 3001 sur.
278 2973 407 3003 rnen.
1583 2972 1634 3010 17
