1884 3204
489 506 704 552 LIBER
751 505 1077 565 QVARTVS

50 651 54 654 ’
91 667 320 713 TER‘rws
356 664 635 711 horrentem
672 659 907 724 Zephyris
943 662 1186 709 laxaverat
1221 677 1407 709 annum
1454 656 1459 661 ’

82 744 321 795 'Phoebus
357 752 406 791 et
438 751 702 805 angustum
737 742 947 804 cogebat
980 741 1135 790 limite
1170 758 1320 790 verno

69 824 281 894 ‘longius
316 823 384 872 ire
419 823 567 883 diem,
605 840 719 872 cum
755 825 907 873 fracta
940 822 1250 887 impulsaque
1285 823 1395 871 fatis

90 904 294 956 consilia
328 914 377 954 et
412 906 615 953 tandem
650 904 839 953 miseris
875 906 991 954 data
1026 905 1169 968 copia
1210 904 1339 953 belli.

91 985 247 1050 prima
282 1003 431 1034 manu
466 985 660 1034 rutilam
697 987 761 1034 de
795 985 976 1034 vertice
1012 985 1243 1034 Larisaeo
1725 1006 1746 1044 5

91 1067 309 1116 ostendit
346 1068 553 1115 Bellona
587 1068 746 1115 facem
782 1068 1050 1130 dextraque
1086 1067 1323 1115 trabalem

91 1149 282 1196 hastam
318 1146 510 1196 intorsit
543 1163 707 1210 agens,
746 1146 936 1210 liquido
972 1164 1100 1210 quae
1135 1146 1338 1196 stridula
1373 1148 1511 1196 caelo

47 1285 58 1296 ·
91 1227 213 1291 fugit
249 1236 298 1276 et
332 1227 526 1276 Aoniae
562 1230 695 1276 celso
731 1227 864 1276 stetit
898 1245 1073 1291 aggere
1112 1228 1299 1276 Dirces.

94 1324 208 1356 mox
242 1318 291 1356 et
325 1316 482 1356 castra
517 1307 650 1356 subit
684 1309 910 1370 ferroque
943 1325 1164 1370 auroque
1198 1307 1414 1357 coruscis

94 1388 243 1438 mixta
276 1388 388 1436 viris
425 1390 632 1436 turmale
666 1388 829 1436 fremit
846 1407 858 1449 3
906 1390 991 1437 dat
1027 1388 1257 1437 euntibus
1294 1388 1439 1447 ensis,
1702 1407 1752 1434 10

93 1468 283 1534 plaudit
316 1485 486 1532 equos
525 1478 668 1517 vocat
702 1470 766 1517 ad
802 1478 967 1532 portas
984 1487 997 1529 3
1045 1469 1323 1518 hortamina
1355 1471 1505 1518 fortes

94 1549 426 1614 praeveniunt,
463 1549 749 1613 timidisque
784 1549 932 1598 etiam
968 1549 1128 1598 brevis
1164 1549 1335 1599 addita
1368 1549 1535 1599 virtus.

163 1630 310 1680 Dicta
344 1630 453 1680 dies
484 1633 666 1680 aderat.
739 1630 872 1680 cadit
907 1630 1080 1693 ingens
1117 1630 1206 1679 rite
1242 1630 1463 1680 Tonanti

96 1711 412 1774 Gradivoque
446 1729 617 1775 pecus,
650 1711 897 1775 nullisque
933 1714 1182 1761 secundus
1218 1712 1269 1760 in
1305 1712 1427 1761 extis

94 1794 244 1856 pallet
278 1801 329 1841 et
360 1793 558 1842 armatis
595 1793 792 1842 simulat
840 1810 1034 1856 sperare
1069 1795 1314 1842 sacerdos,
1707 1810 1756 1851 15

16 1882 20 1887 ’
95 1873 294 1937 iamque
329 1890 444 1922 suos
480 1874 666 1923 circum
700 1874 840 1937 pueri
876 1883 1159 1938 nuptaeque
1195 1883 1456 1937 patresque

95 1956 369 2004 funduntur
404 1954 543 2002 mixti
579 1954 887 2018 summisque
922 1972 951 2003 a
986 1954 1213 2018 postibus
1250 1956 1466 2004 obstant.

98 2052 191 2084 nec
226 2037 405 2084 modus
440 2044 514 2084 est
549 2035 789 2084 lacrimis:
836 2045 1002 2084 rorant
1036 2035 1281 2098 clipeique
1309 2035 1556 2099 iubaeque

99 2115 234 2164 triste
269 2117 584 2176 salutantum,
623 2124 672 2164 et
707 2116 899 2164 cunctis
935 2117 1186 2179 dependet
1220 2117 1284 2164 ab
1319 2116 1467 2165 armis

100 2195 390 2259 suspiranda
424 2198 638 2257 domus3
683 2196 833 2259 galeis
869 2196 1002 2245 iuvat
1037 2199 1206 2245 oscula
1241 2197 1418 2246 clausis
1707 2218 1758 2245 20

100 2276 312 2326 inserere
345 2279 676 2340 amplexuque
711 2286 871 2326 truces
905 2279 1153 2326 deducere
1189 2295 1357 2327 conos.

100 2356 183 2416 illi,
222 2356 338 2421 quis
365 2358 547 2406 ferrum
583 2359 751 2418 modo,
790 2358 900 2421 quis
937 2375 1069 2407 mors
1105 2358 1211 2421 ipsa
1246 2360 1489 2422 placebat,

62 2502 67 2503 ⁷
100 2438 222 2486 dant
255 2437 464 2500 gemitus
500 2439 784 2501 fractaeque
819 2439 990 2487 labant
1027 2438 1320 2502 singultibus
1357 2440 1469 2490 irae.

100 2517 170 2567 sic
205 2517 293 2566 ubi
326 2519 450 2567 forte
485 2518 597 2567 viris
631 2521 835 2582 longum
870 2536 1016 2582 super
1049 2536 1234 2583 aequor
1270 2520 1419 2580 ituris,

31 2589 34 2592 ⁴
100 2615 214 2647 cum
249 2597 348 2646 iam
395 2600 460 2647 ad
494 2601 603 2648 vela
637 2599 760 2648 Noti
795 2609 844 2649 et
879 2600 1030 2649 scisso
1066 2600 1191 2649 redit
1226 2618 1408 2650 ancora
1442 2603 1613 2662 fundo,
1710 2623 1757 2664 25

101 2680 268 2728 haeret
302 2679 462 2727 amica
497 2697 706 2730 manus:
754 2690 942 2730 certant
977 2681 1227 2731 innectere
1264 2684 1393 2731 collo
1572 2670 1575 2672 ’

161 2819 179 2845 1
208 2819 344 2846 annus
362 2808 405 2846 P
581 2821 606 2846 2
634 2816 816 2859 angusto
835 2809 877 2848 P
1002 2822 1178 2849 vernum
1197 2810 1240 2848 P
1411 2824 1436 2860 4
1466 2811 1631 2851 miseris
1650 2811 1736 2850 FN
1752 2828 1761 2852 :

102 2861 246 2900 miseri
265 2861 434 2912 BDKQ
616 2864 643 2902 8
673 2864 819 2903 aoniae
837 2863 905 2903 P:
943 2864 1149 2903 adversae
1169 2880 1200 2902 ω
1388 2878 1433 2904 11
1465 2866 1703 2906 hortamine
1724 2867 1765 2904 P

107 2917 157 2954 16
184 2921 424 2965 nuptaeque
443 2916 506 2956 P:
538 2917 824 2968 innuptaeque
843 2933 874 2956 ω
1009 2931 1062 2968 23
1092 2919 1305 2971 fractaque
1327 2953 1337 2962 .
1360 2954 1370 2965 .
1395 2950 1403 2959 .
1425 2921 1487 2960 ira
1504 2920 1547 2960 P
