1884 3204
132 70 185 117 P.
225 68 465 118 PAPINI
503 27 707 117 STATI

132 215 334 270 pectora
367 206 557 256 tabenti
592 206 728 256 sanie
761 205 919 271 gravis
953 205 1180 271 hirtaque
1214 206 1360 257 saetis

134 304 220 337 ora
255 297 508 336 cruentata
543 287 778 337 deformis
813 288 1000 337 hiantia
1033 291 1159 348 lana,
1717 294 1795 348 365
1844 323 1848 332 .

134 368 333 418 decedit
369 367 574 417 stabulis
609 370 708 417 huc
743 367 860 417 illuc
896 369 1094 418 turbida
1128 385 1327 418 versans
1374 429 1377 433 Ι

135 449 341 509 lumina,
375 448 416 497 si
451 438 561 497 duri
596 458 850 512 comperta
884 451 1025 498 clade
1061 457 1330 512 sequantur

134 538 373 593 pastores,
407 528 673 592 magnique
706 529 828 593 fugit
863 547 966 579 non
999 529 1184 578 inscius
1219 528 1339 577 ausi.

204 612 503 659 Accumulat
537 610 734 659 crebros
769 610 1006 665 turbatrix
1041 613 1195 658 Fama
1229 625 1464 672 pavores:
1856 660 1859 661 γ

136 691 217 740 hic
253 690 351 740 iam
387 690 634 755 dispersos
669 708 826 740 errare
859 691 1084 754 Asopide
1118 691 1224 754 ripa
1724 706 1804 751 370
1856 690 1860 735 ᾗ

139 775 389 821 Lernaeos
425 771 648 834 equites;
687 771 768 819 hic
803 780 865 831 te,
905 772 1145 820 bacchate
1181 771 1464 830 Cithaeron,
1857 764 1864 772 ’

137 853 219 901 ille
254 851 359 915 rapi
393 854 681 900 Teumeson
715 851 783 899 ait
818 851 1079 915 noctisque
1114 869 1201 915 per
1235 852 1435 900 umbras

140 933 335 982 nuntiat
369 931 588 981 excubiis
623 931 793 995 vigiles
829 931 1004 980 arsisse
1040 934 1277 980 Plataeas.

142 1031 257 1063 nam
293 1012 468 1076 Tyrios
505 1014 682 1061 sudare
717 1014 841 1060 lares
877 1021 926 1061 et
961 1011 1201 1075 sanguine
1239 1011 1424 1060 Dircen

142 1094 384 1158 inriguam
419 1094 650 1156 fetusque
685 1109 843 1141 novos
879 1092 1159 1156 iterumque
1193 1095 1412 1142 locutam
1730 1106 1808 1153 375
1872 1086 1874 1088 ’

144 1174 364 1238 Sphinga
398 1172 562 1237 petris,
601 1172 681 1222 cui
716 1190 819 1222 non
855 1182 904 1221 et
940 1173 1063 1222 scire
1098 1173 1298 1222 licentia
1332 1171 1518 1236 passim

144 1263 192 1303 et
227 1253 409 1303 vidisse
443 1253 571 1303 fuit?
617 1270 775 1302 novus
810 1253 887 1302 his
923 1271 1070 1317 super
1103 1253 1248 1303 anxia
1281 1254 1446 1302 turbat

145 1336 296 1384 corda
331 1344 525 1383 metus:
573 1335 751 1398 sparsis
788 1335 954 1385 subito
991 1344 1216 1399 correpta
1250 1334 1475 1384 canistris

146 1415 377 1465 silvestris
413 1415 580 1479 regina
616 1416 754 1465 chori
789 1415 1004 1465 decurrit
1039 1416 1090 1464 in
1125 1432 1342 1479 aequum

144 1493 326 1543 vertice
360 1495 425 1542 ab
462 1493 653 1557 Ogygio
689 1493 1004 1558 trifidamque
1038 1495 1138 1542 huc
1173 1493 1321 1543 tristis
1357 1501 1407 1542 et
1441 1492 1557 1542 illuc
1733 1501 1814 1553 380

146 1574 334 1623 lumine
368 1575 639 1638 sanguineo
674 1574 848 1639 pinum
885 1574 1112 1624 disiectat
1147 1583 1196 1624 et
1231 1576 1411 1623 ardens

150 1665 364 1705 erectam
400 1656 623 1705 attonitis
659 1655 832 1720 implet
867 1655 1167 1705 clamoribus
1202 1656 1411 1704 urbem:

153 1742 164 1763 ⁶
184 1736 517 1800 Omnipotens
555 1739 751 1800 Nysaee
786 1745 936 1800 pater,
975 1736 1056 1785 cui
1091 1735 1250 1800 gentis
1285 1735 1444 1784 avitae

148 1817 342 1882 pridem
377 1819 543 1880 lapsus
578 1835 730 1877 amor,
769 1827 822 1866 tu
857 1834 992 1866 nunc
1026 1819 1258 1866 horrente
1294 1816 1387 1865 sub
1422 1818 1576 1864 Arcto

149 1898 328 1949 bellica
362 1901 540 1948 ferrato
576 1899 776 1962 rapidus
812 1897 973 1962 quatis
1011 1901 1202 1947 Ismara
1236 1899 1404 1961 thyrso
1680 1927 1685 1931 -
1741 1904 1818 1956 385

150 1979 574 2044 pampineumque
609 1980 750 2029 iubes
786 1996 963 2029 nemus
998 1978 1243 2043 inreptare
1280 1981 1520 2042 Lycurgo,

151 2070 236 2109 aut
271 2060 520 2110 tumidum
558 2062 768 2124 Gangen
802 2069 888 2109 aut
924 2062 1135 2109 claustra
1170 2058 1440 2109 novissima
1473 2057 1652 2106 rubrae

154 2144 375 2205 Tethyos
412 2144 645 2205 ansque
680 2144 860 2191 domos
896 2143 1131 2205 flagrante
1166 2140 1418 2204 triumpho

153 2223 372 2288 perfuris,
410 2233 496 2272 aut
533 2223 711 2273 Hermi
747 2225 810 2273 de
845 2223 1066 2273 fontibus
1100 2238 1277 2272 aureus
1312 2221 1428 2271 exis.

154 2314 206 2354 at
240 2314 325 2353 tua
359 2304 619 2368 progenies
655 2304 829 2368 positis
865 2303 1132 2368 gentilibus
1168 2302 1317 2352 armis
1742 2317 1824 2361 390

157 2403 285 2450 quae
319 2386 410 2434 tibi
445 2388 569 2435 festa
603 2386 783 2435 litant?
829 2387 1016 2435 bellum
1051 2384 1377 2447 lacrimasque
1412 2391 1701 2446 metumque

158 2474 527 2532 cognatumque
563 2469 717 2528 nefas,
755 2466 925 2516 iniusti
960 2483 1166 2516 munera
1200 2464 1350 2529 regni,

213 2611 289 2648 374
324 2598 404 2636 iam
425 2597 470 2635 D
552 2597 703 2636 sudare
722 2597 765 2635 P
782 2611 792 2636 ε
820 2597 998 2636 sudasse
1017 2609 1047 2633 ω
1186 2595 1267 2644 376
1295 2599 1337 2632 et
1355 2591 1465 2633 PD:
1496 2597 1562 2631 est
1581 2607 1612 2631 ω
1745 2592 1826 2641 378

160 2654 299 2692 subita
318 2652 361 2690 P
469 2652 653 2691 canistra
679 2651 722 2690 P
749 2653 864 2704 (teste
882 2650 1038 2689 Klotz:
1080 2649 1277 2688 canistris
1304 2652 1397 2687 teste
1422 2646 1579 2697 Plater)
1668 2653 1671 2656 “
1745 2647 1824 2696 381

162 2708 356 2747 disiectat
374 2706 436 2747 P:
469 2706 653 2745 deiectat
671 2706 740 2745 ωδ
928 2707 1009 2754 385
1038 2703 1223 2754 ϋεΙῙίῇεε.
1251 2703 1418 2741 firmato
1446 2700 1514 2752 (er
1531 2706 1624 2751 sup.
1645 2712 1708 2738 rm
1727 2699 1823 2739 add.

160 2762 215 2802 al.
247 2762 326 2813 m.)
359 2761 403 2799 P
522 2762 604 2811 386
631 2766 765 2801 exstat
789 2761 834 2800 in
867 2758 1007 2810 PDN,
1038 2771 1121 2798 om.
1152 2756 1277 2806 BKQ
1310 2755 1424 2806 (add.
1460 2768 1531 2796 rec,
1560 2768 1616 2794 m.
1651 2767 1734 2806 mg.
1765 2754 1826 2807 Β)

160 2817 283 2910 Ιίμνεξ
299 2815 523 2909 (ὅτέἔναεεν.
549 2816 660 2868 -bes)
682 2815 725 2854 P
847 2815 1042 2866 Lycargo
1062 2812 1106 2851 P
1122 2826 1131 2852 :
1162 2811 1350 2850 lichardo
1370 2808 1477 2849 DA1
1604 2821 1684 2859 391
1716 2808 1827 2848 bella

177 2876 263 2910 ltan
