1884 3204
989 146 1402 197 THEBAIDOS
1441 148 1654 196 LIBER
1690 148 1737 195 X

65 286 275 359 >exuitur
306 288 481 336 vultus.
551 281 672 334 abiit
706 286 974 348 horrorque
1009 285 1242 350 vigorque

85 380 145 414 ex
178 363 346 424 oculis,
382 364 584 426 paulum
619 362 810 411 decoris
844 363 1111 426 permansit
1146 365 1405 428 honosque

85 443 288 504 mollior,
327 452 376 492 et
409 442 571 506 posito
605 453 771 491 vatum
807 443 1078 506 gestamina
1112 445 1238 493 ferro

23 535 26 538 ⁴
84 522 280 573 subdita
295 541 310 584 3
354 524 664 572 descendunt
698 532 872 583 vestes,
909 523 1158 587 torvisque
1193 524 1367 587 ligatur

61 603 202 667 ‘vitta
236 603 391 653 comis
427 602 564 668 (nam
599 605 762 652 laurus
799 603 954 668 erat);
999 613 1167 653 tamen
1200 607 1372 668 aspera
1406 606 1624 667 produnt
1658 611 1739 663 645

85 700 168 734 ora
202 685 345 733 deam
384 683 621 747 nimiique
656 686 848 747 gradus.
921 685 991 733 sic
1027 684 1185 748 Lydia
1221 685 1435 734 coniunx

82 758 561 828 Amphitryoniaden
597 774 798 813 exutum
835 764 1084 814 horrentia
1119 774 1253 829 terga

80 845 286 909 perdere
322 844 553 894 Sidonios
589 845 770 894 umeris
806 845 998 895 ridebat
1032 846 1241 895 amictus

36 971 39 974 ,
83 933 131 974 et
165 924 360 973 turbare
395 927 533 974 colus
569 935 618 975 et
653 935 888 990 tympana
922 944 1148 991 rumpere
1183 930 1364 977 dextra.

148 1006 248 1055 Sed
282 1022 445 1070 neque
480 1015 528 1055 te
562 1006 846 1056 indecorem
883 1007 1030 1056 sacris
1067 1008 1372 1072 dignumque
1407 1007 1564 1057 iuberi
1657 1013 1738 1068 650

82 1085 197 1135 talia
233 1085 442 1136 Dircaea
477 1096 689 1136 stantem
725 1105 814 1151 pro
850 1097 992 1149 turre,
1032 1091 1326 1149 Menoeceu,

81 1165 296 1228 invenit5
343 1167 614 1217 immensae
648 1178 860 1218 reserato
895 1169 1064 1219 limine
1098 1179 1269 1233 portae

82 1248 333 1296 sternebas
370 1251 586 1309 Danaos,
624 1249 802 1312 pariter
838 1250 1112 1300 Mavortius
1151 1253 1398 1300 Haemon.

82 1329 170 1377 sed
205 1329 558 1392 consanguinei
593 1331 817 1393 quamvis
852 1341 1002 1395 atque
1037 1331 1205 1381 omnia
1239 1333 1422 1390 fratres,

82 1417 135 1457 tu
169 1407 328 1472 prior:
375 1409 623 1458 exanimes
658 1410 842 1459 circum
878 1413 1191 1460 cumulantur
1223 1411 1383 1459 acervi
1400 1429 1413 1472 3
1657 1417 1737 1472 655

81 1505 230 1538 omne
264 1491 403 1538 sedet
438 1491 607 1551 telum,
642 1491 764 1539 nulli
799 1491 905 1540 sine
938 1491 1174 1541 caedibus
1210 1491 1349 1552 ictus,

82 1570 296 1619 necdum
331 1571 500 1619 aderat
534 1571 702 1620 Virtus
719 1590 733 1632 3
779 1588 881 1620 non
917 1589 1070 1631 mens,
1111 1589 1212 1621 non
1249 1573 1418 1621 dextra
1453 1571 1674 1635 quiescit,

82 1667 183 1700 non
218 1650 362 1700 avida
395 1668 530 1700 arma
563 1661 751 1713 vacant,
790 1652 897 1716 ipsa
931 1652 1143 1702 insanire
1177 1653 1371 1702 videtur

82 1730 270 1795 Sphinx
302 1734 470 1795 galeae
505 1742 684 1792 custos,
723 1733 929 1798 visoque
963 1733 1180 1782 animata
1214 1750 1387 1783 cruore

80 1811 260 1861 emicat
294 1813 476 1876 effigies
512 1823 560 1862 et
595 1830 762 1877 sparsa
796 1815 1042 1864 orichalca
1076 1815 1332 1864 renident:
1658 1823 1739 1865 660

21 1893 26 1898 '
81 1909 195 1942 cum
232 1895 326 1943 dea
358 1894 623 1958 pugnantis
657 1898 888 1960 capulum
925 1898 1245 1960 dextramque
1280 1896 1537 1960 repressit:

83 1974 433 2038 ‘Magnanime
469 1992 499 2024 o
534 1975 738 2036 iuvenis,
776 1994 877 2040 quo
912 1994 1014 2026 non
1049 1977 1301 2041 agnoverit
1336 1979 1491 2026 ullum

82 2054 259 2103 certius
294 2055 520 2104 armifero
557 2056 735 2106 Cadmi
772 2059 835 2107 de
871 2058 1058 2107 semine
1096 2061 1311 2118 MavorS,

0 2134 3 2197 ξ
82 2135 252 2199 linque
287 2136 486 2185 humilis
521 2153 727 2201 pugnas,
766 2155 868 2188 non
905 2140 1028 2188 haec
1065 2139 1154 2188 tibi
1190 2139 1359 2189 debita
1393 2139 1573 2188 virtus:

81 2226 210 2266 astra
244 2227 437 2278 vocant,
475 2220 713 2282 caeloque
747 2219 982 2282 animam,
1017 2222 1127 2284 plus
1163 2221 1387 2285 concipe,
1424 2221 1600 2270 mittes.
1657 2229 1735 2282 665

0 2300 2 2350 ὲ
81 2298 374 2347 iamdudum
410 2300 506 2348 hoc
542 2299 706 2348 hilaris
742 2301 934 2364 genitor
969 2302 1238 2351 baechatur
1272 2304 1336 2351 ad
1372 2319 1492 2363 aras,

0 2385 3 2437 J
81 2380 178 2428 hoc
212 2378 349 2442 ignes
385 2380 635 2443 fibraeque
669 2383 854 2441 volunt,
891 2383 988 2431 hoc
1022 2392 1160 2446 urget
1195 2385 1406 2447 Apollo:

80 2459 370 2522 terrigenam
406 2469 586 2510 cuncto
621 2461 804 2525 patriae
838 2479 927 2526 pro
963 2463 1200 2527 sanguine
1234 2473 1459 2528 poscunt.

135 2583 216 2632 643
245 2589 340 2631 post
368 2589 567 2622 novatum
599 2582 722 2634 (haec
751 2591 843 2636 sup,
876 2598 986 2624 nova
1014 2585 1100 2625 ead.
1133 2599 1189 2626 m.
1215 2588 1313 2636 scr.)
1343 2585 1386 2624 P
1530 2594 1573 2626 et
1607 2588 1735 2637 depo-

0 2647 2 2650 ·
79 2635 160 2675 sito
189 2635 250 2675 S:
306 2637 502 2686 exposito
530 2637 576 2676 K
814 2641 896 2689 646
924 2653 1000 2678 ore
1036 2639 1074 2689 Q
1247 2640 1484 2690 nimiosque
1515 2640 1594 2691 Pb
1632 2655 1732 2681 corr.

0 2698 2 2740 Q
79 2689 143 2728 P²
295 2692 376 2740 648
405 2692 593 2741 pandere
614 2691 653 2741 Q
761 2693 986 2733 redimibat
1014 2693 1095 2743 PQ
1117 2695 1289 2745 (punxit
1307 2695 1400 2732 -im-
1422 2694 1496 2746 Ql)
1655 2698 1736 2744 650

0 2754 2 2793 ξ
80 2744 304 2783 indocilem
334 2744 377 2783 A
560 2747 638 2794 651
671 2747 842 2786 dirchae
872 2747 916 2786 P
1021 2760 1294 2787 menoeceum
1324 2748 1392 2788 P:
1436 2749 1734 2802 Πιεηοθεειειιφ

0 2820 2 2828 ι
81 2798 172 2850 (sic)
191 2798 233 2837 Β
395 2801 475 2848 652
505 2799 740 2838 inmensam
763 2801 806 2852 (e
835 2808 926 2852 sup.
950 2814 990 2840 m
999 2803 1083 2852 fin.
1107 2802 1224 2853 add.)
1246 2803 1288 2840 P
1448 2805 1530 2853 656
1557 2804 1622 2843 sin
1626 2805 1676 2855 ss
1697 2803 1740 2841 P

0 2879 2 2881 »
79 2853 158 2902 657
187 2853 374 2891 nondum
396 2853 434 2902 Q
597 2856 678 2893 660
705 2855 910 2894 auricalca
930 2855 969 2905 Q
1131 2858 1212 2906 663
1240 2857 1447 2906 sanguine
1469 2857 1507 2908 Q
1653 2859 1734 2906 665

0 2908 2 2926 ³
81 2906 214 2946 mittis
231 2906 312 2945 PB
335 2908 451 2957 (corr.
473 2906 549 2958 ΒῙ)
716 2910 796 2958 667
827 2910 932 2948 haec
961 2916 1114 2960 urguet
1144 2911 1324 2961 Apollos
1344 2910 1387 2950 P
1545 2913 1736 2962 668-669

0 2964 3 2998 ζ
81 2966 260 3010 poscunt
282 2961 398 3014 Fata,
421 2968 578 3003 canunt
597 2961 768 3015 Bentley
786 2977 881 3003 cum
902 2963 1013 3004 codd.
1039 2965 1131 3005 dett.
