1884 3204
952 102 1363 152 THEBAIDOS
1401 102 1616 151 LIBER
1651 101 1757 150 XII

175 247 383 296 Paulum
419 234 566 294 et'ab
601 240 799 291 insessis
835 249 1052 290 maestae
1090 240 1384 304 Pelopeides
1418 239 1512 288 aris
1679 257 1759 299 540

105 341 395 390 promovere
429 324 636 386 gradum
673 321 948 383 seriemque
985 330 1034 369 et
1071 322 1205 369 dona
1239 319 1475 383 triumphi

106 404 353 461 mirantur,
391 401 607 463 victique
641 399 810 448 animo
845 398 1033 448 rediere
1070 398 1241 447 mariti.

106 493 256 547 atque
291 482 376 531 ubi
412 481 620 530 tardavit
655 497 823 529 currus
859 489 908 528 et
943 480 1007 528 ab
1041 496 1131 528 axe
1167 479 1382 542 superbo

31 592 34 594 ·
109 565 327 627 explorat
362 578 534 610 causas
569 560 724 610 victor
758 559 1018 623 poscitque
1053 559 1267 621 benigna

103 659 220 692 aure
254 658 436 704 preces,
474 657 594 689 ausa
621 650 736 688 ante
770 639 889 687 alias
925 639 1177 702 Capaneia
1211 637 1455 687 coniunx:
1679 655 1757 697 545

108 722 347 785 ‘Belliger
381 721 588 784 Aegide,
626 720 818 769 subitae
853 720 933 768 cui
970 719 1182 768 maxima
1216 718 1377 768 laudis

53 831 55 833 v
104 802 292 852 semina
326 803 390 850 de
426 801 604 850 nostris
638 800 794 864 aperit
830 803 1048 849 Fortuna
1082 799 1247 859 ruinis,

103 899 204 932 non
238 891 436 930 externa
469 897 643 944 genus,
680 881 814 930 dirae
849 897 942 930 nec
978 880 1178 929 conscia
1211 895 1370 928 noxae

103 963 245 1012 turba
279 978 479 1011 sumus:
527 963 708 1010 domus
743 964 902 1024 Argos
938 971 1041 1010 erat
1076 977 1312 1024 regesque
1347 958 1521 1018 mariti,

23 1038 26 1039 ⁷
105 1059 206 1091 non
241 1042 431 1091 utinam
467 1052 515 1091 et
550 1044 729 1091 fortes!
778 1041 900 1105 quid
934 1042 1067 1090 enim
1104 1051 1309 1104 septena
1344 1055 1541 1088 movere
1677 1057 1757 1098 550

103 1131 262 1172 castra
297 1131 346 1171 et
381 1124 669 1185 Agenoreos
705 1139 830 1185 opus
866 1119 1133 1171 emendare
1168 1120 1396 1185 penatis?

104 1219 196 1251 nec
232 1202 482 1265 querimur
517 1219 717 1251 caesos:
764 1204 888 1251 haec
923 1202 1100 1251 bellica
1135 1202 1239 1250 iura
1274 1200 1505 1263 vicesque

103 1299 351 1331 armorum
369 1300 382 1342 3
429 1284 518 1331 sed
554 1298 657 1330 non
693 1281 869 1330 Siculis
905 1291 1072 1330 exorta
1107 1282 1200 1329 sub
1235 1280 1385 1329 antris

104 1371 322 1411 monstra
356 1379 448 1410 nec
485 1362 660 1412 Ossaei
695 1362 828 1411 bello
864 1361 1086 1411 cecidere
1122 1361 1435 1409 bimembres.

103 1442 245 1491 mitto
269 1459 423 1506 genus
448 1445 705 1505 clarosque
729 1452 890 1506 patres
907 1460 921 1502 3
952 1441 1226 1501 hominum,
1247 1440 1414 1490 inclite
1433 1441 1646 1499 Theseu,
1677 1460 1755 1501 555

101 1523 298 1586 sanguis
334 1532 483 1583 erant,
523 1523 764 1583 homines,
803 1525 1080 1586 eademque
1115 1522 1167 1570 in
1203 1522 1374 1580 sidera,
1413 1522 1618 1570 eosdem

100 1603 298 1652 sortitus
333 1603 608 1651 animarum
642 1603 976 1666 alimentaque
1012 1611 1172 1652 vestra
1205 1601 1369 1662 creati,

99 1700 225 1747 quos
260 1692 393 1732 vetat
428 1683 540 1746 igne
577 1672 743 1734 Creon
779 1683 1074 1747 Stygiaeque
1109 1700 1139 1731 a
1174 1682 1344 1732 limine
1378 1691 1567 1746 portae,

100 1781 192 1813 ceu
228 1773 359 1812 sator
395 1764 734 1813 Eumenidum
769 1772 854 1813 aut
891 1764 1098 1813 Lethaei
1133 1763 1340 1828 portitor
1371 1763 1548 1823 amnis,
1646 1817 1648 1819 ,

101 1845 364 1893 submovet
399 1861 457 1893 ac
493 1845 648 1894 dubio
684 1844 908 1908 caelique
946 1844 1197 1908 Erebique
1233 1845 1326 1893 sub
1361 1861 1451 1893 axe
1678 1852 1758 1903 560

100 1924 302 1973 detinet.
374 1926 472 1973 heu
507 1925 735 1988 princeps
773 1927 991 1974 Natura!
1034 1925 1120 1973 ubi
1157 1925 1397 1974 numina?
1447 1923 1534 1974 ubi
1566 1923 1648 1974 ille
1684 1935 1758 1974 est

101 2004 317 2053 fulminis
353 2004 520 2053 iniusti
555 2005 827 2055 iaculator?
873 2005 958 2054 ubi
995 2005 1124 2065 estis,
1164 2007 1428 2055 Athenae?

103 2085 317 2149 septima
352 2085 450 2134 iam
486 2102 689 2150 surgens
725 2085 928 2149 trepidis
964 2089 1156 2135 Aurora
1190 2086 1395 2136 iacentis

100 2176 347 2215 aversatur
381 2166 551 2229 equis,
587 2165 750 2215 radios
785 2166 1001 2215 declinat
1036 2175 1084 2215 et
1119 2168 1284 2216 horret

101 2246 329 2310 stelligeri
364 2247 505 2295 iubar
541 2263 689 2295 omne
725 2246 827 2310 poli
844 2265 859 2308 3
906 2246 1004 2295 iam
1040 2247 1318 2296 comminus
1353 2246 1489 2310 ipsae
1679 2256 1758 2308 565

100 2327 283 2391 pabula
317 2326 422 2376 dira
458 2329 588 2376 ferae
625 2343 956 2390 campumque
992 2329 1141 2376 odere
1176 2330 1399 2377 volucres

61 2440 64 2441 ν
102 2408 370 2471 spirantem
405 2408 524 2456 tabo
560 2417 608 2457 et
644 2410 837 2457 caelum
873 2418 1147 2472 ventosque
1183 2418 1480 2472 gravantem.

29 2527 32 2530 Α
102 2498 344 2552 quantum
379 2488 563 2538 etenim
600 2505 855 2552 superesse
891 2491 1034 2538 rear?
1080 2491 1216 2539 nuda
1251 2506 1363 2539 ossa
1396 2499 1691 2553 putremque

155 2627 236 2666 543
264 2616 321 2671 ibi
340 2615 420 2667 ΡΩ
530 2629 610 2666 544
638 2617 826 2666 benigno
847 2622 882 2655 et
899 2618 942 2655 in
963 2629 1043 2667 545
1061 2630 1137 2657 ore
1157 2617 1367 2656 Baehrens
1379 2618 1497 2669 prob.
1512 2617 1759 2658 Kohlmann

101 2671 182 2718 546
210 2671 383 2719 aegides
400 2670 465 2709 P:
495 2671 621 2720 egida
641 2675 708 2719 (ex
725 2672 797 2710 -de
817 2674 939 2719 corr.)
959 2671 1006 2709 K
1114 2671 1262 2711 laudes
1285 2671 1327 2710 P
1503 2684 1583 2722 547
1616 2673 1761 2712 limina

100 2723 250 2775 Imhof‚
271 2724 346 2763 sed
359 2724 407 2774 cs}
425 2724 467 2762 A
474 2726 532 2764 ch.
551 2725 578 2764 i.
597 2726 675 2775 189
770 2736 852 2774 550
879 2725 1040 2764 moveri
1055 2725 1095 2764 P
1204 2738 1279 2775 551
1311 2727 1536 2766 amandare
1555 2727 1759 2767 Heinsius

101 2785 278 2828 nepotes
298 2778 356 2829 A,
380 2779 429 2828 cf.
452 2779 477 2817 i.
501 2779 551 2817 81
730 2790 809 2828 555
839 2780 961 2818 these
981 2778 1059 2818 PS
1228 2781 1311 2830 556
1340 2786 1430 2819 erat
1451 2780 1490 2830 Q
1676 2782 1758 2832 558

101 2838 215 2871 vetat
245 2841 398 2883 (marg.
431 2832 518 2872 ead.
556 2846 612 2873 m.
650 2832 787 2884 fugat)
816 2833 883 2872 P:
922 2834 1039 2881 fugat
1076 2833 1214 2884 Owen,
1247 2834 1320 2873 sed
1347 2835 1397 2884 cf
1427 2833 1536 2875 Hor.
1558 2834 1606 2875 S.
1635 2848 1669 2875 1.
1695 2848 1755 2876 10.

101 2896 165 2934 32.
224 2886 281 2925 Et
299 2886 525 2936 prohibere
550 2886 714 2937 quidem
739 2893 852 2938 saepe
871 2887 1050 2927 ablativo
1076 2889 1345 2939 coniungitur
1503 2891 1580 2938 561
1612 2889 1758 2929 estP:

101 2951 182 2980 om.
198 2939 266 2978 ωδ
386 2943 466 2991 564
495 2946 710 2980 aversator
727 2940 771 2979 P
886 2943 967 2992 565
997 2942 1165 2992 iamque
1188 2943 1355 2983 eminus
1373 2942 1524 2994 Barth,
1534 2944 1640 2995 fort.
1664 2950 1760 2984 recte

101 2994 182 3043 568
209 3006 307 3034 reor
325 2993 365 3045 Q
472 3002 708 3047 putresque
727 2994 769 3033 P
