1884 3204
157 95 211 150 P.
251 102 493 150 PAPINI
529 90 734 150 STATI

158 239 342 290 viribus
381 239 644 290 Herculeis
681 249 730 290 et
765 247 871 289 t0to
907 240 1084 289 robore
1118 238 1268 303 patris

157 339 248 371 axe
283 331 418 371 tenet
453 338 649 386 prenso,
690 322 940 370 luctantur
974 320 1110 371 abire
1145 320 1330 384 iugales

157 402 462 467 nequiquam
498 404 762 465 frenosque
798 410 846 450 et
882 402 1009 451 colla
1044 401 1250 466 rigentia
1285 401 1528 451 tendunt:

158 495 213 532 ut
250 483 438 533 Siculas
475 482 515 532 si
551 483 754 546 quando
790 492 917 532 rates
952 491 1088 532 tenet
1122 490 1287 531 aestus
1324 490 1373 530 et
1408 481 1582 545 ingens

157 567 339 614 Auster
373 564 485 628 agit,
527 563 694 614 medio
731 573 862 614 stant
896 565 1005 613 vela
1040 562 1282 613 tumentia
1317 570 1489 626 ponto.

157 657 277 695 tunc
312 645 475 710 ipsum
511 647 666 694 fracto
701 662 846 694 curru
882 644 1127 704 deturbat,
1166 653 1215 693 et
1250 643 1367 692 isset

154 737 270 777 ante
308 727 576 788 Chromis;
622 728 710 776 sed
746 718 965 775 Thraces
1002 725 1118 789 equi
1152 734 1207 774 ut
1241 724 1408 774 videre
1442 723 1687 772 iacentem

157 809 556 872 Hippodamum,
595 807 722 856 redit
756 807 839 856 illa
874 809 1043 867 fames,
1081 806 1180 854 iam
1216 805 1416 868 iamque
1453 813 1747 854 trementem
1815 863 1820 869 Β

155 889 319 953 partiti
353 889 503 949 furiis,
541 888 594 937 ni
628 890 766 936 frena
800 887 1034 950 ipsosque
1069 886 1321 936 frementis

155 970 339 1019 oblitus
374 972 569 1034 palmae
604 975 734 1017 retro
768 966 1056 1030 Tirynthius
1091 969 1237 1016 heros

156 1050 375 1100 torsisset
410 1049 669 1114 victusque
705 1058 754 1099 et
789 1050 1117 1098 conlaudatus
1153 1047 1350 1097 abisset.
1736 1067 1781 1108 4.
1799 1065 1823 1113 j

221 1134 290 1180 At
325 1131 416 1180 tibi
450 1130 720 1194 promissos
756 1130 1050 1180 iamdudum
1088 1129 1323 1179 Phoebus
1358 1130 1587 1189 honores,

154 1213 471 1277 Amphiarae,
511 1212 660 1277 cupit.
733 1214 939 1261 tandem
974 1221 1107 1260 ratus
1142 1220 1258 1276 apta
1292 1210 1446 1260 favori

156 1304 381 1359 tempora
414 1294 633 1359 pulverei
668 1293 804 1343 venit
839 1294 891 1341 in
926 1292 1085 1357 spatia
1118 1291 1318 1342 horrida
1352 1290 1482 1352 circi,

154 1394 270 1426 cum
305 1376 404 1425 iam
440 1376 491 1425 in
527 1378 626 1425 fine
661 1375 783 1436 viae,
823 1383 870 1424 et
907 1391 1158 1423 summum
1193 1373 1398 1423 victoria
1431 1381 1573 1422 nutat
1590 1392 1603 1434 3

151 1458 500 1522 anguicomam
537 1457 744 1507 monstri
779 1457 1004 1521 effigiem,
1042 1455 1326 1505 saevissima
1360 1454 1468 1504 visu
1733 1459 1829 1518 495-

153 1557 250 1600 ora,
291 1549 458 1589 movet
492 1539 594 1588 sive
629 1539 710 1588 ille
747 1538 913 1587 Erebo
949 1554 1036 1586 seu
1073 1536 1212 1585 finxit
1246 1535 1298 1584 in
1332 1544 1447 1584 actu
1827 1538 1830 1540 ’

152 1622 401 1686 temporis,
441 1623 700 1670 innumera
735 1629 866 1670 certe
901 1618 1166 1668 formidine
1202 1620 1391 1667 cultum

152 1703 279 1754 tollit
314 1703 366 1752 in
400 1713 530 1753 astra
564 1704 716 1752 nefas.
789 1719 891 1751 non
927 1701 1050 1751 illud
1085 1699 1263 1750 ianitor
1296 1708 1430 1748 atrae

151 1784 431 1848 impavidus
468 1786 666 1844 Lethes,
704 1800 807 1832 non
843 1782 979 1846 ipsae
1014 1784 1215 1831 horrore
1250 1780 1356 1829 sine
1390 1781 1492 1828 alto

153 1866 461 1915 Eumenides
496 1865 677 1915 vidisse
713 1872 912 1928 queant,
950 1863 1195 1912 turbasset
1235 1861 1397 1911 euntis
1735 1871 1820 1922 506

151 1949 278 1997 Solis
315 1964 471 2011 equos
509 1946 784 2009 Martisque
819 1944 1007 2008 iugum.
1077 1960 1193 1992 nam
1229 1945 1383 1991 flavus
1419 1942 1574 1992 Arion
1833 1942 1837 1950 ⁴

151 2039 205 2078 ut
242 2028 377 2089 vidit,
418 2028 589 2077 saliere
626 2027 786 2086 iubae,
826 2035 975 2090 atque
1011 2033 1203 2075 erectus
1238 2023 1290 2072 in
1325 2040 1488 2073 armos

151 2120 247 2159 stat
283 2110 576 2174 sociumque
612 2108 712 2172 iugi
747 2107 1056 2171 comitesque
1092 2107 1340 2169 utrimque
1375 2104 1556 2155 laboris

151 2209 322 2241 secum
357 2194 454 2240 alte
490 2189 749 2255 suspendit
786 2206 955 2252 equos.
1027 2187 1123 2237 ruit
1157 2187 1289 2237 ilicet
1324 2189 1460 2237 exsul
1838 2248 1841 2250 Β

151 2273 344 2323 Aonius
380 2289 635 2336 nexusque
671 2271 759 2321 diu
794 2288 881 2335 per
917 2279 1052 2334 terga
1086 2271 1284 2319 volutus
1736 2285 1834 2331 505.

150 2355 316 2416 exuit,
363 2354 602 2418 abripitur
637 2355 784 2417 longe
819 2350 1159 2401 moderamine
1194 2350 1318 2400 liber
1833 2339 1838 2346 ἦ

148 2454 351 2498 currus3
396 2444 447 2484 at
483 2437 616 2484 hunc
653 2433 782 2498 putri
817 2442 1009 2498 praeter
1043 2434 1216 2482 tellure
1251 2431 1495 2481 iacentem

149 2518 381 2567 Taenarii
416 2533 584 2566 currus
620 2525 669 2565 et
703 2517 972 2564 Thessalus
1007 2513 1110 2563 axis
1147 2522 1196 2562 et
1230 2515 1377 2563 heros

150 2599 390 2649 Lemnius
426 2598 642 2662 obliqua,
681 2606 924 2661 quantum
959 2595 1111 2645 vitare
1147 2595 1371 2654 dabatur,

1739 653 1821 703 48

151 2769 154 2773 ,
204 2733 282 2780 481
315 2742 465 2780 presso
486 2728 528 2767 P
687 2728 766 2777 483
795 2725 975 2776 ignesP
1134 2726 1215 2775 484
1244 2730 1341 2775 aget
1359 2724 1403 2762 P
1579 2724 1660 2775 485
1690 2737 1836 2764 curm*

148 2786 283 2825 fracto
303 2783 351 2822 N
511 2797 592 2833 490
619 2783 795 2831 victorq.
819 2787 862 2820 et
895 2781 1200 2820 collaudandus
1228 2780 1272 2818 D
1304 2812 1305 2816 ,
1454 2791 1535 2830 492
1566 2779 1745 2830 cupidus
1775 2778 1842 2830 Q

147 2840 301 2878 furoris
321 2839 366 2878 D
447 2850 611 2877 versum
631 2837 811 2876 damnat
830 2835 1000 2875 Guictus
1217 2848 1296 2884 494
1325 2834 1407 2873 iam
1428 2834 1515 2873 fine
1532 2833 1572 2885 Q
1733 2835 1818 2883 496

149 2894 298 2933 crebro
316 2893 397 2946 (vel
411 2893 583 2945 erebro)
605 2892 652 2932 N
786 2896 881 2931 actu
902 2902 1024 2930 anon.
1045 2903 1055 2929 ε
1082 2894 1198 2929 artus
1218 2889 1283 2929 P:
1312 2894 1408 2929 acta
1427 2888 1506 2938 ωδ,
1528 2889 1575 2939 cfi
1598 2888 1671 2929 xii.
1696 2889 1772 2939 187
