1884 3204
959 80 1370 130 THEBAIDOS
1408 82 1622 129 LIBER
1658 83 1733 130 VI

62 201 403 282 'fraternisque
437 215 566 266 sinas
603 214 824 281 (abigant
859 217 956 264 hoc
991 215 1196 264 numina
1219 214 1250 279 !)
1287 214 1443 264 votis!

11 326 14 336 ·
73 298 156 359 ,sic
188 298 269 360 ait,
305 307 451 360 atque
485 296 658 345 ambos
692 304 860 344 aurata
893 294 1083 345 casside
1118 295 1255 345 ditat.
1653 316 1734 357 920

86 389 190 432 tum
223 393 470 443 generum,
507 392 570 425 ne
604 375 762 425 laudis
798 392 960 439 egens,
998 375 1135 425 iubet
1169 377 1323 425 ardua
1357 376 1489 425 necti

11 478 15 499 ³
61 468 303 525 tempora
334 457 718 519 Thebarumque
752 454 937 520 ingenti
973 472 1095 505 voce
1129 455 1265 505 citari

9 535 59 586 ¹,
47 562 60 577 ν’*
82 538 347 591 Victorem:
394 536 528 587 dll'ae
563 536 848 586 reClnebant
883 552 1051 585 omlna
1087 538 1125 585 P
1127 553 1281 586 arcae

62 603 77 671 ⁴2.
150 620 319 684 Ipsum
355 617 501 668 etiam
537 615 733 681 proprio
769 616 1036 666 certamina
1071 618 1194 666 festa
1229 607 1396 668 labore

8 690 13 721 ’Τ
63 698 266 765 ”dignari
300 708 348 748 et
383 699 574 748 tumulo
609 714 892 762 supremum
928 699 1061 747 hunc
1096 699 1279 748 addere
1315 700 1554 748 honorem
1651 719 1732 762 9²5

11 766 13 777 Ε
46 780 332 836 'hortantur
363 795 587 843 proceres
621 795 692 839 ae,
731 788 795 828 n'e
829 777 1031 828 victoria
1065 779 1193 828 desit

54 859 179 911 juna
212 861 395 911 ducum
433 876 653 920 numero,
691 860 866 910 fundat
902 861 978 909 vel
1015 859 1186 923 Lyctia
1221 877 1375 910 cornu

67 942 176 994 stela
209 950 394 1005 rogant,
433 940 568 990 tenui
604 942 679 990 vel
716 940 886 990 nubila
922 950 1134 990 transeat
1174 943 1327 991 hasta.

76 1021 365 1085 obsequitur
399 1023 636 1086 gaudens,
672 1020 913 1086 viridique
948 1039 1007 1071 ex
1041 1039 1215 1087 aggere
1251 1022 1303 1072 in
1337 1040 1553 1087 aequum

54 1102 282 1168 ”stipatus
318 1102 522 1152 summis
557 1102 790 1152 iuvenum
827 1103 1085 1153 descendit
1102 1122 1116 1165 3
1161 1114 1210 1153 at
1246 1103 1315 1153 illi
1653 1124 1733 1167 930

78 1200 208 1251 pone
243 1183 362 1233 levis
398 1193 558 1248 portat
592 1185 842 1248 pharetras
878 1194 926 1234 et
961 1202 1147 1234 cornua
1187 1185 1346 1235 iussus

77 1264 310 1330 armiger:
358 1264 606 1327 ingentem
644 1264 773 1314 iactu
810 1265 1136 1315 transmittere
1171 1265 1355 1315 circum

54 1344 268 1398 'eminus
304 1354 352 1395 et
387 1344 549 1394 dictae
584 1347 701 1395 dare
736 1347 937 1395 vulnera
973 1346 1186 1395 destinat
1222 1363 1358 1396 orno.

145 1425 268 1490 Quis
303 1427 453 1475 fluere
488 1426 694 1475 occultis
730 1443 889 1476 rerum
928 1435 1073 1491 neget
1108 1427 1276 1476 omina
1311 1427 1507 1477 causis?

75 1509 174 1558 fata
207 1516 375 1572 patent
410 1506 613 1567 homini,
652 1507 785 1571 piget
826 1506 1082 1569 inservare,
1122 1508 1344 1572 peritque
1650 1530 1728 1571 935

75 1587 264 1639 venturi
298 1586 563 1652 praemissa
599 1589 751 1637 fides:
799 1587 868 1637 sic
905 1588 1072 1638 omina
1107 1606 1276 1638 casum

3 1729 5 1734 Ι
75 1667 280 1719 fecimus
317 1677 364 1718 et
402 1667 514 1717 viris
550 1667 713 1718 hausit
749 1670 969 1718 Fortuna
1005 1669 1233 1719 nocendi.

2 1809 3 1814 ¹
141 1750 386 1814 Campum
423 1765 624 1799 emensa
658 1749 793 1799 brevi
829 1750 986 1799 fatalis
1022 1751 1086 1800 ab
1121 1752 1293 1801 arbore
1330 1761 1472 1810 tacta,

28 1891 33 1896 Δ
74 1831 372 1880 horrendum
409 1829 527 1891 visu,
567 1847 654 1894 per
688 1847 810 1894 quas
847 1832 1000 1881 modo
1035 1833 1222 1896 fugerat
1257 1850 1412 1893 auras,

71 1909 204 1960 venit
238 1911 463 1960 harundo
499 1920 626 1961 retro
661 1928 954 1976 versumque
989 1929 1019 1961 a
1054 1914 1152 1962 fine
1189 1922 1411 1963 tenorem
1648 1938 1729 1976 940

73 1990 282 2056 pertulit,
321 2001 369 2040 et
404 2000 550 2041 notae
585 1991 718 2041 iuxta
751 1992 846 2041 ruit
881 2009 965 2042 ora
1000 1994 1267 2056 pharetrae.

75 2074 228 2122 multa
261 2073 413 2122 duces
449 2089 608 2123 errore
643 2083 841 2123 serunt:
889 2073 939 2122 hi
976 2074 1145 2123 nubila
1179 2085 1228 2125 et
1263 2077 1387 2124 altos

73 2152 341 2203 occurrisse
376 2155 551 2214 Notos,
587 2154 778 2204 adversi
813 2154 1000 2204 roboris
1036 2155 1137 2205 ictu

75 2235 171 2284 tela
205 2236 398 2298 repulsa
431 2233 526 2283 alii.
599 2234 794 2299 penitus
829 2237 947 2285 latet
982 2236 1140 2286 exitus
1177 2236 1348 2302 ingens

75 2324 499 2379 monstratumque
536 2317 700 2366 nefas:
748 2316 832 2366 uni
869 2318 1133 2367 remeabile
1169 2319 1354 2368 bellum
1648 2344 1726 2385 945

71 2404 119 2445 et
154 2394 301 2445 tristis
337 2395 542 2445 domino
578 2398 856 2460 spondebat
891 2399 1128 2449 harundo,
1151 2417 1386 2449 recursus,

123 2535 206 2574 919
232 2524 414 2564 abiciant
432 2524 476 2564 P
634 2538 710 2576 921
743 2532 843 2567 tunc
862 2527 904 2566 P
996 2541 1197 2579 generum
1218 2529 1286 2570 Ρ·
1314 2543 1475 2581 genero
1494 2532 1564 2572 ωδ
1654 2533 1726 2586 nc]

39 2598 42 2601 ·
70 2589 151 2618 nec
169 2576 229 2616 Ll
243 2578 372 2629 (codd.
389 2579 588 2631 plerique)
608 2584 646 2618 et
662 2579 699 2618 L
723 2584 855 2630 (unus
873 2580 958 2621 cod.
964 2581 996 2632 ),
1019 2583 1067 2633 qs
1085 2583 1252 2632 Jahnke
1412 2598 1492 2636 923
1520 2594 1728 2627 rectorem

49 2635 51 2638 ⁴
69 2630 323 2683 Peyraredus
416 2634 664 2673 recinebant
683 2634 781 2674 PS:
828 2612 1071 2676 retinebant
1091 2637 1308 2688 BDKQN
1384 2653 1534 2690 parrae
1556 2641 1734 2690 Mueller

70 2698 150 2737 924
179 2686 288 2726 sessa
308 2687 350 2727 P
510 2699 588 2738 925
617 2689 788 2728 tumulis
807 2690 849 2729 P
989 2691 1204 2745 honorsfs
1219 2692 1262 2731 P
1398 2707 1474 2744 931
1507 2688 1728 2746 pharetras

65 2739 237 2791 ''portat
254 2741 302 2779 N
450 2754 531 2793 934
562 2743 702 2781 omnia
723 2742 774 2793 Q,
796 2743 972 2795 defendit
988 2744 1231 2806 Pl3i'llzmore
1385 2751 1468 2800 936
1496 2751 1727 2800 praemissa

70 2834 222 2897 PDQ.
248 2837 455 2888 promissa
478 2837 643 2877 BKNS
723 2840 864 2879 omnia
882 2840 947 2881 P:
975 2810 1129 2893 orrinsa
1150 2842 1189 2892 Q
1314 2857 1392 2895 937
1422 2845 1561 2885 hausit
1579 2844 1693 2886 PSA
1718 2861 1726 2886 :

70 2889 186 2928 auxit
209 2906 239 2930 ω
381 2894 464 2942 938
491 2892 645 2932 emissa
664 2891 707 2931 P
849 2908 932 2945 940
962 2896 1159 2947 versique
1178 2897 1221 2935 A
1363 2911 1445 2949 943
1474 2900 1639 2940 adversi
1663 2900 1727 2941 P:

69 2943 246 2984 adverso
271 2943 450 2998 BDQN,
475 2946 522 2986 de
540 2946 621 2988 KS
637 2960 720 2986 non
748 2947 868 3000 liquet
1001 2952 1083 3000 946
1112 2963 1166 2990 en
1187 2952 1330 2994 tristes
1353 2953 1392 3004 Q
