1884 3204
1007 74 1420 123 THEBAIDOS
1458 77 1672 123 LIBER
1712 78 1764 124 II

109 212 335 262 Bistones
368 219 454 260 aut
489 209 682 259 mediae
716 218 910 272 ponunt
945 211 1252 259 convallibus
1290 213 1463 261 Ossae.

65 330 68 340 .
106 293 199 343 illis
234 291 577 342 semianimum
614 300 766 353 pecus
801 307 1136 354 excussaeque
1171 294 1372 340 leonum

105 391 189 424 ore
223 375 392 436 dapes,
428 380 476 421 et
511 374 638 420 lacte
673 388 804 420 novo
840 372 1094 421 domuisse
1130 390 1353 422 cruorem

0 435 27 517 ἔῃ
104 455 273 504 luxus:
320 461 370 501 at
405 451 581 515 Ogygii
616 450 656 499 si
692 452 896 514 quando
930 451 1131 500 adflavit
1169 453 1337 501 Iacchi
1713 464 1763 515 85

105 549 276 585 saevus
312 534 448 592 odor,
488 541 607 580 tu-nc
643 548 757 580 saxa
792 549 957 592 manu,
997 541 1116 582 tunc
1152 536 1332 596 pocula
1367 535 1627 597 pulchrum

61 645 66 648 -
103 631 326 679 spargere
361 622 409 661 et
444 611 690 661 immerito
726 611 973 661 sociorum
1010 613 1248 677 sanguine
1283 616 1394 663 fuso

94 693 368 744 ‚instaurare
403 693 535 742 diem
572 694 822 756 festasque
858 709 1097 756 reponere
1133 711 1343 743 mensas.

169 776 282 823 Nox
317 791 389 834 ea,
426 791 541 823 cum
577 773 725 822 tacita
759 775 960 823 volucer
994 775 1249 837 Cyllenius
1285 793 1403 824 aura

81 854 224 919 ⁴regis
260 854 491 904 Echionii
526 854 685 904 stratis
720 857 971 918 adlapsus,
1006 855 1092 904 ubi
1127 856 1301 919 ingens
1710 880 1765 920 90

100 937 292 1004 fuderat
326 936 537 1000 Assyriis
574 945 818 986 exstructa
852 936 1100 1000 tapetibus
1136 939 1237 986 alto

101 1018 322 1066 membra
356 1027 479 1067 toro.
551 1035 641 1081 pro
675 1034 826 1081 gnara
861 1017 983 1066 nihil
1019 1018 1245 1067 mortalia
1280 1018 1366 1067 fati

61 1095 63 1097 ¹
100 1100 250 1149 corda
285 1098 389 1147 sui!
437 1099 569 1162 capit
604 1099 686 1147 ille
722 1100 890 1162 dapes,
928 1099 1079 1148 habet
1115 1099 1197 1148 ille
1233 1116 1476 1163 soporem.

101 1190 220 1230 tunc
255 1180 420 1229 senior
455 1197 583 1243 quae
617 1180 777 1228 iussus
813 1179 913 1243 agit
930 1198 944 1240 3
990 1197 1088 1229 neu
1124 1182 1246 1229 falsa
1281 1181 1434 1230 videri

98 1260 258 1311 noctis
294 1262 457 1324 imago
494 1270 655 1324 queat,
694 1260 919 1323 longaevi
954 1260 1078 1309 vatis
1120 1278 1305 1324 opacos
1710 1283 1761 1323 95

99 1341 317 1392 Tiresiae
352 1343 516 1390 vultus
553 1357 829 1404 vocemque
864 1350 913 1389 et
950 1342 1130 1390 vellera
1164 1351 1284 1390 nota

98 1423 328 1473 induitur.
402 1439 625 1471 mansere
661 1438 835 1470 comae
869 1438 1185 1485 propexaque
1220 1433 1392 1472 mento

98 1503 301 1554 canities
335 1505 592 1567 pallorque
627 1519 759 1562 suuS,
798 1504 887 1551 sed
922 1503 1046 1551 falsa
1079 1503 1292 1551 cucurrit

96 1584 251 1634 infula
284 1601 371 1648 per
405 1584 569 1645 crinis,
604 1586 910 1648 glaucaeque
943 1582 1154 1632 innexus
1192 1584 1352 1634 olivae

97 1666 326 1716 vittarum
361 1665 587 1729 provenit
623 1667 813 1714 honos:
863 1665 980 1714 dein
1017 1674 1217 1728 tangere
1252 1683 1391 1715 ramo
1685 1688 1763 1718 1c0

97 1756 298 1811 pectora
332 1756 381 1795 et
416 1749 510 1796 hac
544 1746 676 1795 visus
711 1736 924 1795 fatorum
961 1763 1248 1810 expromere
1283 1765 1461 1797 voces:

26 1877 30 1881 ,
99 1831 111 1854 ‘
132 1829 247 1877 Non
285 1828 447 1877 somni
482 1827 572 1876 tibi
607 1837 820 1890 tempus,
855 1827 997 1887 iners,
1038 1827 1123 1890 qui
1159 1837 1307 1878 nocte
1343 1829 1436 1878 sub
1471 1831 1584 1890 alta,

97 1908 317 1973 germani
354 1926 538 1970 secure,
576 1908 736 1958 iaces:
783 1908 1003 1971 ingentia
1037 1910 1231 1958 dudum

97 1999 207 2039 acta
240 1999 420 2038 vocant
455 2006 716 2052 rerumque
751 2006 933 2052 graves,
974 1989 1160 2052 ignave,
1199 1999 1409 2053 paratus.

98 2080 152 2120 tu
187 2070 351 2129 veluti,
390 2086 626 2133 magnum
662 2070 702 2118 si
738 2070 836 2118 iam
873 2070 1161 2119 tollentibus
1197 2071 1392 2120 Austris
1684 2093 1759 2133 105

101 2150 301 2200 Ionium
338 2150 474 2214 nigra
507 2150 663 2200 iaceat
699 2152 792 2200 sub
828 2151 976 2210 nube,
1017 2151 1248 2215 magister

99 2231 360 2280 immemor
393 2249 641 2281 armorum
677 2231 1015 2295 versantisque
1049 2249 1266 2296 aequora
1301 2234 1425 2283 clavi

99 2312 355 2362 cunctaris.
428 2313 626 2376 iamque
666 2312 748 2362 ille
782 2313 923 2362 novis
958 2312 1073 2377 (scit
1108 2314 1261 2379 fama)
1298 2314 1519 2378 superbit

98 2393 324 2443 conubiis
360 2393 573 2456 virisque
607 2403 761 2457 parat,
797 2393 907 2457 quis
944 2411 1093 2457 regna
1128 2405 1364 2458 capessat,

0 2498 2 2508 ι
72 2473 208 2538 ‘quis
242 2483 387 2537 neget
403 2492 417 2534 3
463 2474 613 2538 inque
650 2484 733 2523 tua
768 2475 962 2524 senium
999 2475 1092 2524 sibi
1128 2476 1343 2526 destinat
1378 2479 1503 2526 aula.
1685 2499 1763 2528 110

0 2551 2 2557 ’
41 2584 42 2587 =
97 2557 217 2605 dant
248 2555 440 2604 animos
477 2573 616 2605 socer
650 2556 853 2619 augurio
887 2556 1045 2605 fatalis
1081 2559 1323 2606 Adrastus

149 2685 204 2734 83
232 2683 319 2723 illic
347 2683 405 2723 P2
572 2686 625 2735 84
655 2686 844 2724 furorem
874 2686 917 2724 P
1092 2689 1146 2736 89
1174 2687 1279 2726 hora
1308 2686 1542 2726 Burmann
1583 2668 1586 2670 Ι

97 2736 181 2777 alte
210 2737 256 2777 N
388 2751 442 2789 93
470 2739 551 2778 iste
571 2752 769 2789 soporem
798 2740 843 2777 D
995 2752 1073 2779 100
1104 2742 1202 2780 dein
1233 2741 1476 2791 BDKNQ.
1506 2741 1660 2782 dehinc
1689 2743 1766 2783 PS

98 2803 171 2830 101
202 2793 282 2831 has
308 2792 400 2831 DN
592 2807 666 2832 102
695 2807 780 2832 non
809 2808 910 2834 corr.
942 2795 986 2832 in
1022 2808 1134 2834 nunc
1168 2796 1222 2835 al.
1259 2810 1316 2836 m.
1355 2795 1468 2845 QA.
1511 2810 1625 2835 nunc
1659 2799 1758 2837 coni.

95 2845 261 2886 Barth:
287 2847 544 2899 interpunxit
570 2848 747 2888 Mueller
925 2861 1001 2899 105
1030 2861 1079 2911 se
1108 2850 1150 2889 P
1315 2851 1391 2889 108
1419 2849 1518 2902 scit]
1551 2852 1611 2890 sic
1642 2851 1706 2891 vel
1731 2852 1764 2891 it

99 2899 343 2940 Lachmann
