1884 3204
197 3 252 68 1>ss
295 18 538 67 PAPINI
575 20 780 69 STATI

203 157 414 221 pacabat
448 173 603 206 cornu
638 155 888 220 gelidique
923 171 1095 204 aversa
1130 156 1326 219 Lycaei.

203 237 452 302 pulchrior
486 239 622 286 haud
658 235 744 284 ulli
779 235 915 285 triste
949 237 1015 284 ad
1050 235 1328 286 discrimen.
1349 237 1479 286 ituro

203 320 366 366 vultus
402 327 451 366 et
486 317 707 381 egregiae
741 325 878 364 tanta
912 315 1218 379 indulgentia
1251 318 1471 379 formae,

205 415 297 447 nec
333 400 513 447 desunt
547 396 714 456 animi,
753 395 917 445 veniat
952 398 1107 445 modo
1141 396 1312 446 fortior
1345 407 1492 447 aetas.

206 494 328 540 quas
362 494 466 526 non
501 477 583 526 ille
619 479 771 526 duces
807 493 1067 525 nemorum
1103 476 1364 541 fluviisque
1399 478 1562 528 dicata

205 558 423 617 numina,
462 574 584 620 quas
620 574 802 620 magno
838 574 941 605 non
975 557 1178 606 abstulit
1213 558 1326 621 igne
1361 561 1626 623 Napaeas?

205 639 382 702 ipsam,
415 637 665 687 Maenalia
699 655 907 701 puerum
943 654 1059 686 cum
1094 637 1218 687 vidit
1253 638 1305 687 in
1340 640 1528 701 umbra,

209 719 437 778 Dianam,
477 727 647 767 tenero
684 718 961 781 signantem
996 718 1216 781 gramina
1251 735 1412 783 passu,

205 799 451 863 ignovisse
486 801 649 848 ferunt
683 798 854 847 comiti
891 798 1199 862 Dictaeaque
1234 801 1331 848 tela

207 880 365 943 ipsam
402 888 451 928 et
487 881 782 942 Amyclaeas
818 878 1001 927 umeris
1035 888 1230 942 aptasse
1265 881 1528 943 pharetras.
1883 927 1884 944 ξ

206 959 395 1023 prosilit
429 959 606 1008 audaci
644 959 818 1007 Martis
853 976 1116 1022 percussus
1149 977 1331 1020 amore,
1791 972 1884 1023 260}

207 1057 356 1101 arma,
394 1041 538 1089 tubas
574 1039 746 1089 audire
782 1041 948 1088 calens
984 1049 1033 1088 et
1067 1041 1268 1103 pulvere
1304 1039 1422 1090 belli

207 1123 471 1170 flaventem
508 1122 706 1169 sordere
741 1137 939 1169 comam
975 1129 1223 1184 captoque
1258 1121 1423 1170 referri

206 1201 363 1251 hostis
398 1218 559 1265 equo:
605 1203 772 1250 taedet
807 1218 1068 1250 nemorum
1104 1201 1402 1266 titulumque
1436 1213 1703 1253 nocentem

207 1281 458 1346 sanguinis
493 1281 699 1337 humani
733 1283 896 1346 pudor
931 1291 1005 1331 est
1039 1282 1229 1332 nescire
1264 1283 1476 1347 sagittas.
1520 1330 1522 1332 .

206 1363 379 1427 igneus
414 1372 530 1412 ante
565 1364 727 1412 omnis
762 1380 882 1411 auro
919 1363 1085 1425 micat,
1119 1363 1292 1427 igneus
1329 1374 1476 1426 ostro,
1791 1373 1870 1428 265

209 1447 583 1508 undantemque
619 1444 783 1493 sinum
818 1444 964 1494 nodis
1000 1443 1192 1509 inrugat
1230 1445 1447 1507 Hiberis,

208 1525 396 1575 imbelli
430 1543 601 1590 parma
634 1525 795 1589 pictus
833 1525 1109 1588 Calydonia
1144 1526 1311 1575 matris

208 1606 424 1670 proelia3
471 1615 579 1655 trux
614 1609 753 1655 laeva
787 1615 926 1655 tonat
961 1623 1103 1655 arcus
1143 1616 1191 1656 et
1226 1624 1400 1670 aspera
1434 1607 1615 1671 plumis

208 1698 342 1751 terga
378 1689 618 1751 Cydonea
653 1696 846 1751 corytos
882 1687 1160 1736 harundine
1195 1689 1358 1751 pulsat

209 1770 391 1817 electro
427 1770 616 1831 pallens
652 1777 701 1817 et
736 1767 926 1831 iaspide
962 1770 1121 1817 clarus
1158 1771 1280 1817 an.
1791 1788 1870 1832 270

209 1847 530 1912 cornipedem
566 1848 785 1912 trepidos
822 1857 1019 1898 suetum
1054 1859 1359 1912 praevertere
1395 1866 1579 1910 cervos,

208 1931 423 1978 velatum
458 1928 686 1992 geminae
720 1929 918 1979 deiectu
953 1929 1109 1993 lyncis
1145 1940 1193 1979 et
1227 1948 1363 1980 arma

209 2010 471 2058 mirantem
505 2009 736 2073 gravioris
772 2009 859 2072 eri,
893 2010 1118 2060 sublimis
1153 2012 1344 2075 agebat,

209 2093 356 2141 dulce
390 2091 573 2140 rubens
608 2090 851 2155 viridique
881 2108 1031 2155 genas
1068 2092 1349 2156 spectabilis
1384 2109 1522 2142 aevo.

210 2174 429 2221 Arcades
465 2172 581 2222 huic
616 2182 819 2233 veteres,
858 2172 999 2222 astris
1034 2175 1252 2237 lunaque
1287 2174 1487 2237 priores,
1797 2191 1874 2236 275

208 2247 406 2318 agmina
440 2256 540 2303 fida
574 2254 717 2315 datis,
755 2272 1016 2305 nemorum
1051 2273 1178 2319 quos
1214 2255 1364 2319 stirpe
1398 2255 1574 2320 rigenti

209 2337 341 2384 fama
376 2345 522 2396 satos,
562 2352 677 2385 cum
714 2336 873 2400 prima
907 2338 1095 2401 pedum
1130 2337 1335 2401 vestigia
1371 2339 1515 2386 tellus

210 2417 449 2465 admirata
484 2416 595 2465 tulit
612 2436 626 2479 3
671 2419 898 2466 nondum
933 2434 1048 2467 arva
1082 2420 1363 2482 domusque
1398 2435 1491 2468 nec
1526 2418 1672 2467 urbes

266 2560 348 2598 250
375 2549 558 2588 adversa
575 2547 623 2586 N
780 2559 858 2596 251
891 2547 951 2586 illi
969 2547 1013 2586 P
1186 2558 1267 2598 255
1298 2547 1471 2586 abstulit
1490 2547 1533 2586 P
1553 2552 1590 2587 et
1607 2561 1628 2586 e
1644 2547 1728 2589 cod.
1747 2547 1876 2587 Hein-

214 2603 305 2642 sius
322 2618 331 2641 z
360 2602 524 2652 impulit
543 2618 574 2641 ω
740 2604 823 2640 26ο
851 2602 991 2641 audati
1012 2602 1042 2653 (i
1063 2607 1154 2652 sup.
1175 2615 1200 2641 a
1219 2615 1288 2642 sec.
1311 2601 1405 2641 add.
1427 2602 1482 2642 al.
1503 2603 1582 2652 m.)
1605 2602 1658 2653 Q.
1795 2604 1876 2641 268

214 2662 334 2696 tonat
353 2656 437 2696 PD
455 2671 466 2697 ι
494 2664 618 2696 sonat
638 2655 874 2708 BQN[KS
886 2656 920 2708 3]
1022 2662 1066 2696 et
1085 2670 1170 2697 om.
1185 2655 1234 2696 N
1249 2656 1381 2707 spatio
1395 2656 1524 2696 relicto
1687 2669 1769 2707 270
1788 2670 1870 2697 om.

213 2711 324 2750 BN:
353 2711 397 2750 in
418 2724 552 2762 marg.
580 2710 622 2749 B
640 2710 737 2750 add.
759 2710 813 2751 al.
836 2724 893 2750 m.
1045 2713 1127 2760 276
1154 2724 1261 2761 quos
1282 2711 1325 2749 P
1338 2715 1375 2750 et
1392 2712 1445 2750 al.
1470 2725 1528 2751 m.
1549 2716 1668 2762 supr.
1690 2711 1728 2761 Q
1748 2725 1758 2750 ε
1795 2724 1874 2752 vos

210 2765 278 2805 ωδ
402 2766 570 2815 regenti
591 2766 670 2818 (-c-
688 2771 779 2817 sup.
805 2778 867 2816 -g·
888 2764 984 2806 add.
1005 2770 1043 2804 et
1061 2766 1246 2816 †virenti
1265 2766 1309 2805 in
1330 2779 1464 2817 marg.
1488 2765 1542 2807 al.
1564 2766 1640 2816 m.)
1660 2764 1703 2803 P
