1884 3204
967 93 1380 142 THEBAIDOS
1420 94 1633 142 LIBER
1671 94 1778 141 XII

126 226 256 273 hunc
292 237 506 286 quoque,
545 220 630 283 qui
666 236 809 268 curru
848 219 1072 268 madidas
1108 219 1199 285 tibi
1235 237 1420 283 pronus
1457 220 1676 270 habenas

123 302 273 362 ducit,
310 302 361 351 in
396 299 586 351 Aonios
622 299 790 362 vigiles
826 298 1020 348 dimitte
1056 301 1327 362 Soporem.'

122 382 200 431 vix
235 398 306 441 ea,
345 398 458 430 cum
495 379 657 431 scissis
694 396 929 442 magnum
965 380 1061 428 dea
1097 380 1314 430 nubibus
1350 381 1522 430 orbem

121 461 350 527 protulit:
398 477 635 524 expavere
671 460 888 520 umbrae,
928 462 1186 523 fulgorque
1223 460 1406 516 recisus
1702 482 1780 521 310

122 541 363 591 sideribus
382 559 394 601 ;
439 540 519 591 vix
554 540 660 604 ipsa
696 539 806 590 tulit
842 540 1070 589 Saturnia
1103 542 1342 589 flammas.

189 622 404 671 Primam
439 638 526 684 per
561 637 765 684 campos
800 620 965 669 infuso
1000 620 1187 670 lumine
1223 622 1404 684 pallam

121 701 343 765 coniugis
379 701 486 767 ipsa
520 718 636 750 suos
672 700 834 750 noscit
871 700 1150 751 miseranda
1186 701 1393 761 labores,

59 824 61 826 .
121 798 422 848 quamquam
457 790 589 832 texta
622 783 777 832 latent
812 783 1095 845 suffusaque
1131 782 1370 845 sanguine
1406 791 1590 832 maeret

121 879 362 926 purpura3
409 863 630 925 dumque
665 864 787 911 deos
822 871 967 912 vocat
1002 872 1051 912 et
1086 864 1150 912 de
1185 865 1356 913 funere
1392 879 1507 911 caro
1706 883 1750 924 3¹
1760 881 1781 921 5

121 945 216 992 hoc
251 959 506 1006 superesse
540 951 695 1007 putat,
730 942 864 992 videt
900 943 1062 1006 ipsum
1100 943 1150 992 in
1186 945 1387 1006 pulvere
1422 960 1581 1007 paene

120 1025 378 1072 calcatum.
450 1024 617 1086 fugere
652 1023 848 1072 animus
884 1023 1116 1086 visusque
1151 1040 1420 1087 sonusque,

120 1102 417 1166 inclusitque
453 1105 597 1152 dolor
630 1103 856 1155 lacrimas
874 1123 887 1166 ;
934 1114 1040 1153 tum
1077 1121 1282 1167 corpore
1318 1114 1424 1154 toto

120 1183 349 1233 sternitur
383 1184 436 1235 in
470 1186 634 1234 vultus
668 1185 992 1249 animumque
1028 1203 1114 1249 per
1149 1187 1320 1235 oscula
1355 1186 1546 1249 quaerit

118 1264 393 1325 absentem,
429 1281 755 1328 pressumque
790 1265 947 1316 cornis
982 1282 1041 1314 ac
1077 1275 1212 1314 veste
1248 1282 1472 1318 cruorem
1702 1285 1783 1325 320

118 1353 363 1394 servatura
398 1344 526 1409 legit.
602 1361 718 1395 mox
753 1346 956 1394 tandem
994 1362 1117 1395 voce
1153 1362 1373 1394 reversa:

122 1427 304 1474 ‘Hunc
340 1442 432 1488 ego
469 1433 531 1486 te,
569 1425 800 1484 coniunx,
838 1427 903 1474 ad
939 1426 1109 1476 debita
1145 1443 1294 1489 regna
1329 1427 1606 1489 profectum

118 1507 376 1555 ductorem
411 1505 528 1554 belli
563 1522 900 1569 generumque
935 1505 1152 1569 potentis
1188 1505 1389 1554 Adrasti

117 1585 354 1650 adspicio,
391 1585 601 1651 talisque
637 1585 733 1635 tuis
769 1602 975 1636 occurro
1011 1585 1273 1650 triumphis
1291 1589 1314 1636 Ρ

119 1668 215 1716 huc
249 1668 419 1715 attolle
454 1684 604 1731 genas
640 1667 934 1730 defectaque
969 1667 1186 1716 lumina:
1233 1667 1368 1718 venit
1698 1689 1747 1730 32
1757 1689 1778 1730 5

117 1748 182 1796 ad
216 1747 418 1816 Thebas
453 1747 603 1810 Argia
638 1756 781 1809 tuas3
827 1764 935 1813 age,
971 1748 1234 1798 moenibus
1271 1748 1423 1806 induc

118 1836 166 1877 et
201 1827 383 1891 patrios
420 1829 628 1877 ostende
663 1829 788 1877 lares
824 1837 873 1879 et
909 1837 1080 1877 mutua
1115 1830 1271 1878 redde

117 1907 343 1971 hospitia.
416 1909 514 1957 heu
550 1907 671 1971 quid
706 1910 836 1972 ago?
881 1908 1130 1972 proiectus
1167 1908 1383 1972 caespite
1418 1910 1557 1959 nudo

118 1990 215 2038 hoc
251 1988 436 2054 patriae
471 1988 657 2040 telluris
693 1989 885 2042 habes?
931 2006 1059 2053 quae
1095 1989 1289 2052 iurgia?
1335 1998 1467 2039 certe
1578 2054 1582 2057 ι

117 2068 379 2134 imperium
414 2085 518 2119 non
554 2071 700 2118 frater
734 2069 915 2120 habet!
963 2071 1190 2118 nullasne
1226 2078 1424 2119 tuorum
1698 2090 1781 2132 330

120 2149 315 2199 movisti
350 2149 612 2200 lacrimas?
658 2149 745 2198 ubi
782 2151 973 2199 mater?
1019 2149 1106 2199 ubi
1142 2148 1312 2201 inclita
1346 2151 1477 2200 fama

118 2230 405 2294 Antigone?
451 2229 574 2279 mihi
608 2247 790 2294 nempe
824 2230 968 2291 iaces,
1008 2230 1130 2280 mihi
1166 2230 1324 2282 victus
1360 2248 1413 2282 es
1448 2230 1565 2281 uni!

118 2311 377 2360 dicebam:
429 2313 573 2373 ‘Quo
609 2311 772 2361 tendis
810 2311 938 2363 iter?
984 2311 1105 2375 quid
1141 2321 1334 2375 sceptra
1369 2321 1546 2376 negata

119 2391 319 2457 poscis?
358 2393 513 2444 habes
548 2394 723 2455 Argos,
761 2391 918 2443 soceri
953 2392 1178 2456 regnabis
1214 2392 1266 2443 in
1300 2394 1444 2454 aula3

30 2506 34 2525 1
118 2471 199 2521 hic
236 2471 326 2521 tibi
360 2474 537 2535 longus
573 2474 748 2532 honos,
787 2472 868 2521 hic
903 2472 1113 2523 indivisa
1148 2475 1397 2539 potestas!
1699 2496 1781 2538 335

119 2552 241 2618 quid
277 2555 491 2620 queror?
537 2552 643 2620 ipsa
678 2552 797 2607 dedi
831 2553 1018 2605 bellum
1055 2563 1399 2619 maestumque
1434 2553 1602 2618 rogavi

175 2692 253 2730 307
285 2692 453 2720 currum
471 2679 513 2717 P
707 2681 790 2729 308
820 2680 965 2719 aonias
983 2680 1026 2718 P
1151 2681 1349 2721 dimittite
1375 2681 1419 2720 P
1569 2695 1651 2732 309
1679 2684 1779 2736 dea]

122 2734 176 2773 de
193 2733 235 2772 P
416 2746 498 2782 3¹0
527 2733 687 2772 recisos
707 2734 748 2772 P
765 2748 773 2772 :
803 2740 971 2774 retusus
991 2734 1195 2774 Heinsius
1357 2748 1438 2785 312
1469 2736 1652 2776 Primam
1671 2737 1759 2776 ΡΝ
1771 2753 1781 2778 :

123 2787 308 2827 Primum
330 2786 498 2838 BDKQ
647 2800 727 2838 315
757 2800 858 2828 suos
875 2788 918 2827 P
1066 2792 1148 2839 316
1177 2802 1340 2839 poenae
1358 2789 1438 2828 PS
1579 2793 1660 2841 318
1690 2797 1783 2831 tum

124 2839 200 2880 PS
219 2856 228 2880 :
257 2847 359 2881 tunc
379 2840 574 2891 BKNQ:
603 2841 678 2884 del.
701 2843 745 2882 D
977 2856 1060 2893 319
1087 2844 1352 2894 animamque
1370 2844 1457 2894 DQ
1700 2847 1783 2896 328

123 2908 243 2946 agam
265 2898 310 2947 (o
328 2902 420 2948 sup.
442 2903 538 2946 scr.)
561 2896 647 2936 DA
816 2910 898 2949 329
926 2911 1032 2948 quae
1052 2898 1200 2938 iniuria
1218 2898 1405 2941 Koestlin
