1884 3204
1024 48 1434 96 THEBAIDOS
1473 48 1686 94 LIBER
1725 47 1747 92 I

38 235 39 238 η
101 202 151 244 at
185 208 284 242 non
319 189 399 239 ille
432 186 588 251 gravis
623 186 779 246 dictis,
818 201 1120 249 quamquam
1154 201 1327 247 aspera
1361 192 1513 242 motu,

103 270 314 323 reddidit
336 271 458 318 haec
480 287 489 317 :
531 270 542 292 ‘
558 266 806 329 Equidem
830 267 964 314 haud
989 265 1129 314 rebar
1153 273 1201 312 te
1227 273 1391 312 mente
1416 264 1635 311 secunda
1675 273 1751 320 285

45 342 50 354 '
101 352 316 406 laturam,
354 345 705 408 quodcumque
740 351 864 402 tuos,
902 342 1016 391 licet
1050 357 1251 404 aequus,
1289 340 1340 388 in
1375 343 1533 403 Argos

30 419 33 422 Α
101 429 418 484 consulerem,
455 440 617 487 neque
652 439 747 482 me,
784 424 927 471 detur
961 421 1002 470 si
1037 421 1192 485 copia,
1230 420 1351 469 fallit

102 510 253 558 multa
285 521 430 568 super
464 502 651 552 Thebis
687 504 941 550 Bacchum
981 518 1309 563 ausuramque
1353 500 1551 548 Dionen

32 579 50 619 ,'
101 589 273 647 dicere,
311 586 400 635 sed
435 583 588 633 nostri
622 582 891 632 reverentia
925 581 1156 645 ponderis
1192 582 1369 630 obstat.

31 653 49 715 ss*
60 674 65 675 ⁷
101 667 367 719 horrendos
402 663 584 714 etenim
619 662 804 724 latices,
840 662 1004 725 Stygia
1037 679 1253 724 aequora
1286 660 1442 709 fratris
1676 679 1754 719 290

27 750 35 759 ”
77 750 327 806 obtestor,
365 761 650 794 mansurum
684 752 834 806 atque
867 742 1195 792 inrevocabile
1229 742 1452 801 verbum,

35 844 42 887 j
71 827 75 830 ’
101 829 168 879 nil
200 829 303 876 fore
338 827 475 889 quod
510 824 654 874 dictis
689 825 868 872 flectar.
941 840 1091 886 quare
1126 822 1332 886 impiger
1366 821 1454 870 alis

63 897 67 900 ²
99 906 334 974 portantis
368 906 608 969 praecede
644 906 819 964 Notos,
858 903 1080 966 Cyllenia
1115 905 1290 966 proles,

98 992 209 1039 acra
241 1004 327 1050 per
360 985 604 1049 liquidum
638 984 897 1048 regnisque
930 984 1148 1047 inlapsus
1184 983 1351 1047 opacis

30 1103 46 1110 --
99 1069 179 1119 dic
212 1076 421 1132 patru03
458 1082 657 1129 superas
693 1064 856 1114 senior
890 1081 942 1114 se
977 1066 1167 1113 attollat
1201 1066 1265 1113 ad
1300 1080 1442 1112 auras
1674 1081 1751 1122 295

102 1148 260 1207 Laius,
299 1146 595 1196 exstinctum
630 1145 732 1194 nati
767 1162 917 1208 quem
953 1147 1152 1193 vulnere
1187 1146 1412 1193 nondum

100 1229 296 1280 ulterior
332 1229 514 1277 Lethes
548 1226 740 1290 accepit
775 1226 892 1289 ripa,
931 1225 1164 1289 profundi

100 1313 204 1374 lege
240 1308 421 1358 Erebi:
456 1309 578 1357 ferat
612 1309 735 1356 haec
770 1307 878 1356 diro
914 1324 1026 1355 mea
1059 1306 1191 1354 iussa
1225 1305 1423 1368 nepoti:

99 1406 384 1455 germanum
419 1388 588 1438 exsilio
622 1390 800 1436 fretum
836 1386 1177 1450 Argolicisque
1212 1394 1487 1434 tumentem

100 1470 335 1535 hospitiis,
372 1470 508 1533 quod
544 1478 721 1533 sponte
756 1467 905 1532 cupit,
942 1469 1115 1531 procul
1150 1466 1331 1530 impius
1359 1468 1471 1515 aula
1677 1485 1756 1524 300

99 1561 272 1611 arceat,
310 1553 552 1600 alternum
586 1549 722 1614 regni
756 1549 991 1598 infitiatus
1026 1550 1282 1598 honorem.

100 1632 215 1681 hinc
249 1649 425 1682 causae
459 1631 653 1691 irarum,
690 1639 825 1680 certo
860 1629 1048 1693 reliqua
1083 1629 1255 1678 ordine
1291 1630 1503 1678 ducam.'

166 1716 308 1762 Paret
341 1712 650 1762 Atlantiades
685 1711 830 1761 dictis
863 1710 1096 1775 genitoris
1131 1719 1180 1759 et
1214 1709 1332 1759 inde

100 1811 292 1843 summa
324 1795 510 1858 pedum
543 1810 751 1857 propere
786 1792 1088 1856 plantaribus
1123 1791 1292 1855 inligat
1326 1790 1429 1850 alis,

11 1888 15 1891 ·
100 1874 408 1938 obnubitque
442 1891 610 1924 comas
646 1883 694 1923 et
729 1882 969 1936 temperat
1002 1881 1131 1921 astra
1165 1874 1342 1935 galero.
1371 1895 1374 1897 ·
1676 1891 1754 1931 305

100 1966 205 2004 tum
240 1957 437 2005 dextrae
470 1955 654 2018 virgam
688 1954 904 2015 inseruit,
942 1971 1040 2017 qua
1073 1955 1254 2016 pellere
1288 1952 1447 2002 dulcis

100 2046 184 2086 aut
219 2038 424 2086 suadere
458 2035 634 2085 iterum
670 2052 887 2105 somnos,
924 2052 1023 2098 qua
1058 2034 1194 2098 nigra
1228 2033 1393 2082 subire

101 2120 303 2166 Tartara
337 2126 385 2166 et
420 2115 676 2180 exsanguis
710 2116 927 2165 animare
960 2124 1239 2165 assueverat
1273 2115 1484 2163 umbras.

103 2197 312 2257 desiluit,
343 2196 578 2260 tenuique
613 2204 846 2259 exceptus
881 2195 1122 2244 inhorruit
1156 2212 1286 2244 aura.

102 2296 196 2328 nec
230 2294 380 2347 mora,
417 2277 639 2326 sublimis
674 2277 850 2340 raptim
886 2293 972 2340 per
1006 2276 1153 2325 inane
1187 2278 1379 2325 volatus
1684 2296 1761 2334 310

101 2358 255 2422 carpit
288 2367 338 2407 et
371 2356 557 2421 ingenti
590 2357 814 2420 designat
848 2356 1019 2406 nubila
1051 2373 1181 2420 gyro.

156 2489 234 2537 284
262 2486 382 2537 gravi
415 2485 536 2525 dictis
569 2485 826 2535 (quanquam
862 2484 1034 2536 aspera)
1065 2490 1183 2524 motu
1210 2485 1346 2524 Barth
1557 2486 1636 2535 285
1667 2487 1761 2525 red-

105 2542 236 2581 didit:
266 2541 400 2579 ‘haec
433 2539 662 2590 equidem.
720 2569 730 2579 .
735 2538 815 2589 'Q
994 2553 1077 2589 290
1104 2540 1254 2579 latices
1286 2540 1443 2578 etenim
1472 2539 1517 2578 D
1679 2553 1755 2590 291

104 2602 231 2646 atque
250 2594 531 2634 inrevocabile
559 2594 600 2632 A
609 2593 647 2643 Q
663 2593 925 2632 Burmann
954 2599 996 2633 et
1031 2593 1319 2633 inrevocabile
1347 2593 1472 2631 PBD
1581 2594 1758 2632 verbum

105 2648 334 2689 Sm'vm‘us
362 2648 553 2700 Sangall.
589 2649 703 2697 865·
693 2677 703 2687 .
744 2659 891 2687 verum
917 2652 999 2687 cett.
1257 2660 1336 2697 292
1365 2647 1445 2687 alis
1475 2660 1531 2686 σ·
1522 2677 1531 2686 .
1567 2649 1661 2687 a-les
1689 2648 1759 2686 Ρω

103 2716 183 2754 294
210 2703 254 2742 in
274 2703 446 2754 elapsus
476 2701 515 2752 Q
759 2714 838 2751 295
866 2701 1031 2740 attollat
1058 2701 1163 2752 PQ:
1192 2701 1313 2740 tollat
1340 2701 1425 2739 BD
1678 2715 1758 2751 302

104 2757 280 2796 damnat
292 2757 540 2797 Lachmann
570 2756 716 2794 ducam
737 2755 836 2794 PA²
857 2769 867 2795 ε
895 2756 1029 2794 dicam
1045 2755 1215 2805 ABDQ
1232 2770 1240 2795 :
1270 2757 1455 2805 pandam
1476 2755 1536 2792 A¹
1678 2769 1758 2806 304

105 2811 192 2850 alas
219 2811 262 2850 P
437 2823 519 2861 309
548 2810 727 2854 dissiluit
754 2808 868 2860 DQ:
898 2810 1106 2849 inhorruit
1128 2810 1407 2862 (†perstrepit
1426 2809 1652 2861 suprascr.)
1684 2810 1727 2848 D
