1884 3204
167 97 219 142 P.
260 97 501 145 ΡΑΡΙΝΙ
538 97 745 146 STATI

165 251 293 295 saxa,
331 237 462 284 faces
497 236 679 300 aliique
714 236 891 286 iterum
928 247 1149 299 crateres,
1189 239 1376 304 ubique

164 315 388 379 ingentes
424 316 723 366 morientum
758 317 858 368 irae
874 338 888 380 3
935 329 1071 369 tenet
1105 320 1210 384 ipse
1245 323 1489 370 furentem

167 398 418 459 Hylaeum
455 406 503 446 et
539 407 667 447 torta
702 399 901 448 molitur
935 401 1115 450 robora
1150 402 1316 450 barba.
1843 467 1844 470 Ἴ

163 487 214 525 at
250 477 339 526 tibi
378 478 616 528 Maeonio
652 481 805 528 fertur
840 480 1128 530 circumflua
1163 481 1332 531 limbo'
1749 482 1847 547 5407

164 574 254 619 pro
291 558 489 619 meritis,
528 561 758 621 Admete,
797 563 1018 625 chlamys
1053 562 1359 626 repetitaque
1396 565 1554 613 multo
1825 563 1827 566 ⁴

165 638 380 688 murice:
430 639 624 689 Phrixei
659 650 797 690 natat
831 642 913 691 hic
949 652 1263 706 contemptor
1298 644 1521 707 ephebus

164 719 393 782 aequoris
429 730 478 770 et
513 720 646 784 picta
680 724 888 772 tralucet
923 726 1146 773 caerulus
1183 726 1352 786 unda,

163 800 214 848 in
250 802 376 849 latus
413 801 482 850 ire
520 819 670 851 manu
707 812 1084 866 mutaturusque
1119 804 1313 854 videtur
1845 865 1850 869 ,⁷

164 881 406 941 bracchia,
447 898 540 931 nec
577 882 763 931 siccum
801 900 966 946 speres
1002 883 1054 932 in
1091 885 1302 935 stamine
1338 886 1525 936 crinem
1542 906 1555 948 3
1747 905 1828 950 545

164 971 335 1010 contra
369 971 535 1011 autem
574 964 751 1012 frustra
787 965 927 1013 sedet
962 964 1107 1013 anxia
1142 975 1273 1015 turre
1308 983 1540 1030 suprema
1843 966 1845 970 ’

164 1042 346 1091 Sestias
383 1042 434 1091 in
471 1043 698 1106 speculis,
739 1044 945 1094 moritur
979 1062 1134 1109 prope
1171 1047 1401 1097 conscius
1437 1047 1578 1112 ignis.

163 1126 251 1172 has
288 1125 530 1174 Adrastus
567 1142 688 1189 opes
726 1127 862 1175 dono
898 1126 1168 1177 victoribus
1204 1127 1273 1178 ire

162 1205 404 1268 imperat3
450 1215 501 1254 at
535 1223 773 1270 generum
809 1209 995 1257 famula
1030 1210 1215 1258 solatur
1251 1211 1467 1259 Achaea.
1853 1269 1854 1272 Ἴ

230 1286 471 1336 Sollicitat
506 1297 626 1337 tunc
661 1290 828 1352 ampla
862 1288 991 1339 viros
1025 1292 1092 1340 ad
1126 1291 1345 1355 praemia
1380 1308 1526 1340 cursu
1752 1310 1856 1357 550ss

162 1367 481 1431 praeceleris:
529 1368 655 1432 agile
692 1369 912 1419 studium
949 1379 999 1420 et
1035 1371 1324 1421 tenuissima
1358 1372 1523 1432 virtus,
1854 1368 1855 1373 ¹

162 1448 297 1511 pacis
334 1466 474 1514 opus,
513 1467 629 1499 cum
666 1468 803 1500 sacra
839 1461 1032 1513 vocant,
1071 1469 1165 1502 nec
1202 1453 1376 1503 inutile
1419 1453 1561 1503 bellis

163 1529 455 1591 subsidium,
494 1531 535 1579 si
570 1533 741 1581 dextra
775 1542 935 1596 neget.
1009 1534 1141 1598 prior
1175 1534 1409 1583 omnibus
1448 1536 1579 1596 Idas,

163 1628 320 1674 nuper
358 1612 663 1677 Olympiacis
700 1615 956 1663 umbratus
993 1624 1218 1679 tempora
1253 1615 1414 1676 ramis,

162 1693 351 1756 prosilit
368 1712 381 1754 3
428 1693 681 1758 excipiunt
716 1696 892 1758 plausu
930 1695 1103 1745 Pisaea
1139 1695 1369 1746 iuventus
1747 1717 1853 1760 555¹

164 1777 415 1838 Eleaeque
452 1791 641 1823 manus.
717 1775 939 1839 sequitur
975 1776 1235 1840 Sicyonius
1271 1779 1449 1838 Alcon,

161 1866 211 1904 et
248 1855 323 1904 bis
360 1855 413 1903 in
449 1855 720 1904 Isthmiaca
756 1856 912 1905 victor
947 1859 1188 1907 clamatus
1224 1860 1408 1907 harena

163 1936 478 1996 Phaedimus,
516 1936 872 2001 alipedumque
906 1939 1074 2002 fugam
1109 1955 1423 2004 praegressus·
1454 1956 1696 2003 equorum

161 2028 276 2068 ante
314 2021 516 2082 Dymas,
558 2019 648 2067 sed
684 2028 803 2068 tunc
839 2036 964 2070 aevo
1000 2021 1226 2070 tardante
1263 2030 1477 2070 secutus.
1857 2091 1859 2095 Α

163 2100 305 2149 multi
340 2110 402 2160 et,
437 2117 563 2164 quos
600 2100 720 2149 varii
756 2110 886 2150 tacet
922 2101 1198 2165 ignorantia
1232 2102 1377 2166 vulgi,
1747 2114 1830 2166 560
1857 2111 1858 2114 ’

162 2182 278 2231 hinc
314 2191 464 2246 atque
500 2182 617 2231 hinc
653 2182 861 2232 subiere.
934 2184 1024 2232 sed
1060 2185 1258 2233 Arcada
1294 2186 1726 2249 Parthenopaeum
1859 2192 1862 2199 ’

159 2265 411 2327 appellant
447 2263 689 2327 densique
725 2264 858 2313 cient
893 2281 1016 2328 vaga
1051 2282 1302 2315 murmura
1338 2265 1469 2316 circi.

102 2350 112 2353 “
160 2355 279 2394 nota
313 2362 490 2409 parens
527 2362 707 2407 cursu3
755 2345 865 2409 quis
904 2346 1184 2396 Maenaliae
1220 2349 1478 2397 Atalantes

158 2426 348 2476 nesciat
379 2426 628 2491 egregium
665 2428 818 2476 decus
854 2437 903 2476 et
938 2427 1142 2492 vestigia
1177 2428 1368 2477 cunctis

160 2508 457 2572 indeprensa
492 2508 692 2572 procis?
741 2518 913 2558 onerat
949 2510 1267 2559 celeberrima
1302 2510 1473 2559 natum
1747 2522 1826 2576 565

214 2650 293 2688 537
312 2638 414 2688 fort.
433 2637 588 2687 aliique
611 2637 693 2676 alio
713 2644 916 2689 crateres,
934 2639 981 2688 cf
1001 2637 1042 2676 A
1049 2638 1151 2678 chill.
1172 2639 1198 2679 i.
1217 2652 1269 2689 97
1352 2652 1433 2690 539
1453 2646 1606 2680 tortam
1625 2641 1668 2680 P
1745 2655 1828 2693 540

160 2706 245 2732 om.
266 2693 309 2730 N
327 2692 441 2743 (add.
463 2705 600 2743 marg.
621 2691 677 2731 al.
699 2693 779 2743 m.)
895 2698 897 2700 ’
974 2705 1055 2742 543
1085 2694 1207 2743 picea
1227 2693 1393 2744 Dilthey
1473 2694 1477 2697 ’
1587 2707 1668 2746 544
1697 2710 1826 2736 manu
1848 2712 1858 2738 γ’

161 2747 417 2786 Markland:
456 2759 604 2786 manus
631 2746 760 2794 codd„
783 2746 858 2785 sed
874 2747 923 2796 cf.
943 2749 1026 2786 660
1054 2753 1092 2786 et
1121 2749 1228 2798 780:
1258 2762 1314 2787 an
1344 2749 1518 2788 dilatare
1541 2750 1627 2801 (Ξῖ
1648 2751 1718 2789 lat’
1741 2752 1824 2804 ire)
1857 2786 1863 2798 ,

160 2815 309 2840 manus
325 2804 338 2841 ’.ἱ
404 2802 725 2851 lentaturusque
741 2801 996 2852 Peyraredus
1015 2817 1025 2842 ι
1045 2808 1364 2852 motatur-usque
1380 2803 1615 2844 Baehrens:
1632 2805 1799 2854 frustra
1816 2819 1826 2846 :
1852 2824 1866 2858 >j

160 2869 261 2894 nam
285 2857 328 2895 in
359 2856 492 2904 latere,
514 2869 597 2894 non
610 2862 746 2907 prono
757 2861 923 2907 pectore,
956 2870 1055 2895 nare
1079 2857 1261 2896 solebant
1278 2856 1494 2897 Romani:
1517 2862 1686 2910 propter
1701 2859 1822 2910 quod,
1855 2875 1859 2895 τ

152 2917 232 2961 pro
261 2923 378 2961 nare,
410 2910 621 2949 alternare
654 2910 750 2962 (Ov.
785 2910 881 2950 Met.
916 2911 967 2950 iv.
1000 2912 1100 2964 353)
1130 2925 1202 2951 seu
1232 2918 1397 2952 mutare
1421 2913 1619 2953 bracchia
1647 2913 1828 2954 dicebant
1862 2953 1864 2958 ,

161 2978 240 3016 547
265 2964 449 3015 scopulis
470 2963 512 3002 P
673 2965 755 3014 556
785 2964 981 3015 Lideaeq.
1004 2965 1049 3003 Ν
