1884 3204
979 91 1392 141 THEBAIDOS
1429 92 1644 140 LIBER
1681 92 1786 140 XII

135 231 280 280 funus
314 237 445 278 amat
464 245 478 289 3
524 236 643 276 tunc
677 228 742 276 ad
777 225 983 276 comites
1019 242 1255 275 conversa
1291 229 1518 290 Pelasgas
1710 246 1788 289 195

137 310 293 359 ‘Vos'
326 308 393 357 ait
428 311 442 334 ‘
458 310 669 357 Actaeas
703 306 833 356 acies
871 306 1285 370 Marathoniaque
1319 325 1456 357 arma

133 389 306 448 elicite,
342 387 658 450 adspiretque
693 387 777 450 pio
813 390 1030 436 Fortuna
1065 387 1234 436 labori.

133 485 213 518 me
246 467 390 517 sinite
425 467 652 530 Ogygias,
690 476 856 516 tantae
891 484 1018 530 quae
1054 469 1159 516 sola
1193 467 1363 517 ruinae

132 565 278 598 causa
312 547 394 608 fui,
433 557 687 611 penetrare
722 549 900 597 domos
937 557 984 596 et
1020 547 1227 596 fulmina
1261 548 1397 611 regni

75 676 78 678 ,
131 628 287 692 prima
319 627 456 691 pati,
501 644 594 676 nec
629 629 777 676 surda
812 629 941 676 ferae
975 627 1283 692 pulsabimus
1319 628 1453 677 urbis
1710 649 1789 678 200

131 708 327 758 limina:
375 717 489 757 sunt
523 707 622 757 illic
658 708 814 758 soceri
850 708 971 756 mihi
1007 718 1220 772 suntque
1256 725 1446 758 sorores

62 820 64 823 -
130 788 363 852 coniugis,
402 798 450 838 et
486 790 688 839 Thebas
725 791 858 839 haud
895 789 1168 853 ignoranda
1203 790 1397 839 subibo.

130 887 192 920 ne
226 878 417 918 tantum
453 879 679 919 revocate
714 872 924 934 gradus:
971 870 1056 920 illo
1092 870 1305 934 impetus
1341 871 1514 934 ingens

128 949 484 1014 auguriumque
517 951 701 1000 animi.’
770 969 863 1000 nec
899 954 1051 1015 plura,
1089 968 1345 1015 unumque
1382 954 1655 1001 Menoeten

131 1031 268 1095 (olim
305 1030 386 1079 hic
422 1030 624 1094 virginei
660 1042 826 1081 custos
863 1032 1177 1096 monitorque
1211 1031 1438 1097 pudoris)
1712 1053 1788 1092 205

131 1111 261 1175 eligit
297 1121 359 1171 et,
397 1129 700 1175 quamquam
737 1112 872 1162 rudis
906 1123 1056 1176 atque
1091 1113 1258 1176 ignara
1292 1115 1531 1174 locorum,

128 1191 404 1257 praecipitis
438 1209 645 1255 gressus,
683 1211 782 1257 qua
815 1204 1015 1243 venerat
1050 1195 1285 1258 Ornytus,
1319 1196 1488 1243 aufert.

127 1283 274 1336 atque
310 1272 396 1322 ubi
430 1272 533 1321 visa
567 1277 738 1337 procul
774 1274 931 1324 socias
966 1274 1168 1338 liquisse
1204 1277 1464 1336 malorum,

128 1356 330 1404 ‘Anne'
365 1353 433 1402 ait
472 1354 689 1403 ‘hostilis
725 1372 817 1418 ego
853 1365 901 1404 te
937 1356 1138 1404 tabente
1173 1372 1260 1419 per
1294 1373 1436 1419 agros

127 1436 246 1498 (heu
281 1437 424 1484 dolor
443 1432 475 1504 1)
511 1445 791 1498 exspectem
827 1453 1073 1499 quaenam
1110 1436 1355 1485 sententia
1390 1435 1512 1485 lenti
1709 1446 1788 1484 210

127 1517 384 1565 Theseos?
428 1533 492 1564 an
528 1517 661 1565 bello
695 1532 935 1578 proceres,
973 1533 1038 1564 an
1073 1518 1242 1565 dexter
1276 1518 1520 1579 haruspex

127 1598 348 1647 adnuat?
393 1597 579 1647 interea
613 1599 763 1645 funus
798 1597 1038 1646 decrescit
1055 1616 1069 1658 3
1115 1607 1164 1646 et
1199 1597 1340 1646 uncis

126 1678 321 1728 alitibus
357 1696 460 1728 non
495 1680 587 1727 hos
622 1666 788 1742 potius
822 1678 1150 1742 supponimus
1185 1681 1355 1728 artus?

128 1769 176 1808 et
210 1776 344 1808 nunc
378 1776 460 1808 me
494 1761 683 1819 duram,
722 1759 762 1807 si
798 1759 907 1822 quis
944 1759 1035 1809 tibi
1071 1777 1243 1809 sensus
1279 1762 1344 1809 ad
1380 1760 1594 1820 umbras,

127 1857 206 1889 me
240 1842 430 1889 tardam
467 1840 643 1903 Stygiis
679 1840 908 1903 quereris,
946 1840 1198 1901 fidissime,
1237 1840 1376 1890 divis.
1711 1862 1784 1901 215

127 1923 222 1970 heu
258 1921 299 1970 si
334 1923 498 1970 nudus
533 1922 710 1981 adhuc,
751 1922 848 1970 heu
886 1921 926 1970 si
962 1921 1060 1970 iam
1096 1923 1221 1970 forte
1258 1924 1491 1985 sepultus,

125 2011 346 2051 nostrum
382 2012 646 2065 utrumque
681 2003 818 2051 nefas
837 2020 852 2064 3
897 2004 1024 2051 adeo
1060 2002 1132 2051 vis
1167 2005 1303 2051 nulla
1337 2002 1540 2063 dolenti,

126 2100 256 2133 mors
292 2100 537 2147 nusquam
574 2099 809 2132 saevusve
846 2085 1048 2133 Creon?
1094 2083 1303 2133 hortaris
1340 2093 1559 2144 euntem,

126 2166 313 2228 Ornyte
342 2167 378 2213 1’
414 2164 484 2213 sic
519 2164 690 2214 dicens
727 2181 908 2227 magno
945 2165 1196 2228 Megareia
1230 2182 1465 2228 praeceps

124 2263 237 2294 arva
271 2245 396 2309 rapit
430 2263 612 2309 passu,
660 2247 966 2294 demonstrat
1000 2245 1222 2309 proxima
1257 2246 1468 2309 quisque
1707 2268 1787 2295 220

125 2326 299 2376 obvius
335 2326 671 2390 horrescitque
708 2326 905 2376 habitus
942 2327 1272 2390 miseramque
1308 2338 1515 2377 veretur.

63 2431 67 2432 ⁷
125 2407 258 2457 vadit
293 2417 430 2456 atrox
463 2407 585 2467 visu,
623 2407 693 2456 nil
728 2409 878 2457 corde
913 2425 1007 2456 nec
1043 2425 1127 2457 ore
1163 2425 1446 2472 pavescens,

183 2549 258 2586 197
289 2535 432 2585 eligite
463 2534 509 2574 D
673 2549 754 2575 201
788 2536 890 2575 mihi
921 2549 1101 2587 cumque
1136 2535 1194 2575 P1
1226 2538 1341 2588 (sunt
1378 2543 1579 2589 suprascr.
1617 2537 1670 2577 al.
1705 2537 1784 2587 m.)

126 2603 206 2639 203
236 2603 315 2629 nec
334 2589 380 2628 D
490 2602 568 2640 205
597 2590 811 2640 virgineus
829 2590 877 2628 N
981 2605 1060 2641 207
1090 2592 1252 2630 auferat
1271 2591 1336 2630 P:
1366 2605 1414 2631 ac
1445 2593 1526 2631 sert
1553 2592 1620 2632 rec.
1645 2606 1700 2631 m.
1725 2592 1786 2631 S:

125 2645 247 2683 affert
260 2644 326 2682 D:
346 2644 483 2683 adfert
499 2651 563 2692 (ex
573 2646 654 2684 auf.
672 2658 772 2685 corr.
790 2647 822 2696 3)
837 2644 876 2695 Q
984 2648 1064 2684 208
1093 2645 1238 2696 atque]
1252 2659 1355 2695 ergo
1366 2646 1410 2684 A
1506 2659 1588 2696 209
1616 2647 1787 2686 tabente

125 2698 167 2738 P
186 2698 353 2738 Grotius
372 2712 381 2737 :
409 2699 580 2738 labente
604 2714 636 2737 ω
797 2711 876 2748 215
904 2699 1045 2749 stigiis
1062 2700 1252 2749 quereris
1271 2700 1312 2737 P
1330 2714 1338 2738 :
1368 2701 1561 2751 quereris
1589 2701 1736 2751 stigiis‘
1757 2717 1788 2739 ω

126 2765 203 2802 217
224 2753 551 2802 nostrumqueP
631 2753 766 2792 adeon
784 2754 849 2792 vis
865 2753 948 2792 ulla
966 2757 1008 2803 (n
1021 2761 1114 2805 sup.
1130 2767 1156 2792 u
1174 2754 1292 2805 add.)
1314 2754 1358 2792 D
1466 2768 1491 2793 2
1503 2756 1551 2795 18
1574 2767 1787 2805 nunquam

122 2807 219 2857 ΝΩι
273 2820 476 2846 saevusve
487 2807 731 2847 Kohlmann
750 2822 759 2847 :
779 2807 1037 2847 saevusneP
1053 2822 1062 2847 :
1082 2821 1316 2858 saevusque
1328 2807 1398 2847 ωδ
1480 2822 1560 2860 219
1580 2809 1788 2849 mecareia

123 2860 165 2899 P
271 2874 351 2900 220
378 2861 554 2911 quisque
571 2861 638 2901 P:
667 2862 852 2912 quisquis
871 2862 940 2902 ωδ
1047 2875 1125 2901 222
1154 2876 1227 2901 ore
1246 2862 1496 2902 Lachmann
1515 2877 1524 2903 ε
1552 2877 1652 2903 aure
1674 2863 1785 2903 codd.

127 2927 203 2955 nec
221 2916 348 2955 corde
369 2917 444 2955 sed
465 2929 568 2955 aure
586 2916 628 2954 A
648 2929 657 2955 :
687 2917 819 2955 eorde
839 2917 928 2969 (sic)
948 2923 1152 2968 suprascr.
1175 2930 1278 2957 aure
1297 2918 1342 2957 D
