1884 3204
655 517 869 565 LIBER
918 515 1281 567 SECVNDVS

155 694 192 727 11
255 682 424 728 Exvn*
459 678 753 742 implicitum
789 678 1003 728 tenebris
1039 678 1322 728 umentibus
1358 681 1530 730 orbem

255 762 464 810 Oceano
498 761 686 824 prolata
721 759 840 819 dies,
879 759 1168 824 genitorque
1205 778 1437 811 coruscae

253 841 375 890 lucis
409 842 574 891 adhuc
610 841 840 890 hebetem
877 841 1038 890 vicina
1071 851 1219 891 nocte
1253 842 1446 891 levabat

155 941 235 983 ²90
254 931 303 971 et
338 923 562 971 nondum
599 938 805 971 excusso
841 931 1087 971 rorantem
1121 922 1353 986 lampada
1387 933 1555 986 ponto.

252 1012 302 1052 et
337 1002 434 1051 iam
470 1002 681 1066 punicea
716 1004 959 1051 nudatum
995 1012 1196 1066 pectora
1231 1005 1361 1067 palla
1784 1027 1807 1066 5

252 1082 595 1147 insignemque
630 1082 761 1147 ipsis,
799 1100 926 1146 quae
961 1083 1118 1147 prima
1152 1083 1407 1145 invaserat,
1443 1084 1591 1134 armis

251 1164 507 1213 Aeaciden
543 1162 750 1227 (quippe
785 1181 902 1212 aura
936 1174 1080 1213 vocat
1116 1174 1423 1228 cognataque
1459 1168 1670 1215 suadent

251 1243 488 1310 aequora)
523 1254 841 1309 prospectant
876 1244 1042 1294 cuncti
1077 1244 1407 1308 iuvenemque
1443 1248 1724 1311 ducemque

153 1346 231 1387 295
258 1326 327 1374 nil
362 1325 468 1374 ausi
503 1325 787 1375 meminisse
822 1335 1004 1388 pavent
1021 1343 1035 1386 3
1075 1325 1145 1374 sic
1181 1325 1349 1374 omnia
1383 1326 1489 1375 visu

250 1415 467 1456 mutatus
501 1405 657 1466 rediit,
696 1423 788 1455 ceu
823 1422 1097 1468 numquam
1134 1406 1299 1468 Scyria
1333 1423 1506 1470 passus
1760 1429 1810 1456 10

248 1487 390 1536 litora
425 1487 723 1550 Peliacoque
757 1495 883 1535 rates
919 1487 1154 1535 escendat
1188 1486 1253 1534 ab
1287 1495 1443 1536 antro.

249 1577 368 1617 tunc
404 1585 464 1617 ex
498 1584 635 1616 more
671 1566 777 1616 deis
813 1566 904 1628 (ita
938 1575 1155 1630 namque
1191 1568 1429 1616 monebat
1464 1567 1657 1632 Vlixes)

246 1648 643 1712 aequoribusque
678 1647 971 1711 Austrisque
1005 1647 1112 1696 litat
1146 1649 1399 1711 fluctuque
1434 1649 1528 1698 sub
1563 1649 1672 1714 ipso

146 1749 226 1790 300
249 1731 528 1779 caeruleum
563 1745 727 1792 regem
763 1737 904 1777 tauro
937 1737 1195 1778 veneratur
1228 1746 1475 1793 avumque

247 1812 438 1860 Nerea:
484 1811 656 1859 vittata
689 1809 908 1873 genetrix
942 1811 1134 1872 placata
1169 1810 1388 1860 iuvenca.
1757 1833 1803 1874 15

248 1891 329 1940 hic
365 1900 625 1955 spumante
661 1892 765 1939 salo
801 1890 984 1939 iaciens
1019 1890 1211 1940 tumida
1247 1900 1357 1940 exta
1391 1893 1638 1955 profatur:

250 1972 547 2031 ‘Paruimus‚
573 1970 804 2035 genetrix,
831 1988 1133 2034 quamquam
1158 1971 1293 2021 haud
1317 1973 1572 2022 toleranda
1594 1971 1803 2035 iuberes,

245 2053 497 2117 paruimus
532 2051 772 2100 nimium:
820 2052 950 2100 bella
983 2053 1049 2101 ad
1084 2051 1301 2101 Troiana
1335 2062 1562 2117 ratesque

145 2154 225 2195 305
246 2133 500 2198 Argolicas
536 2132 787 2196 quaesitus
822 2135 913 2182 eo.'
983 2132 1053 2182 sic
1088 2149 1227 2182 orsus
1262 2142 1311 2182 et
1345 2136 1461 2184 alno

244 2213 431 2263 insiluit
465 2213 761 2278 penitusque
797 2215 935 2263 Noto
972 2213 1208 2263 stridente
1244 2214 1534 2278 propinquis
1753 2237 1804 2265 20

245 2295 482 2359 abripitur
516 2294 684 2343 terris:
728 2303 777 2343 et
812 2294 910 2343 iam
945 2297 1100 2344 ardua
1136 2296 1318 2344 ducere
1353 2296 1515 2344 nubes

243 2376 415 2441 incipit
449 2385 499 2426 et
532 2378 682 2440 longo
717 2377 893 2439 Scyros
928 2375 1183 2426 discedere
1217 2385 1387 2440 ponto.

198 2517 224 2555 5
253 2506 454 2545 nodatum
473 2504 554 2555 EQ
761 2516 783 2553 7
812 2503 1032 2543 Aeaciden
1051 2503 1158 2555 EQ:
1186 2502 1416 2544 Aeacidem
1445 2503 1532 2543 PK
1550 2527 1554 2530 -
1751 2517 1797 2546 11

145 2560 399 2610 Peliacoque
428 2559 496 2598 P:
525 2558 807 2609 peliaquoque
839 2558 907 2597 E:
947 2559 1111 2608 peliaco
1139 2574 1171 2597 ω
1298 2564 1414 2598 rates
1444 2563 1511 2598 n:
1554 2565 1700 2609 raptus
1729 2560 1801 2601 K:

141 2620 331 2666 raptusq.
347 2613 387 2665 Q
457 2613 667 2652 excendat
676 2612 728 2663 P,
753 2625 851 2653 corr.
866 2612 1114 2652 Kohlmann
1135 2626 1144 2652 z
1168 2614 1399 2653 descendat
1420 2611 1562 2665 ΕΚΩ·Ζ
1581 2626 1590 2653 :
1610 2616 1802 2655 ascendit

145 2709 185 2762 Q
196 2716 262 2762 pr.
284 2723 343 2750 m.
486 2719 534 2758 15
563 2708 742 2747 iuvenca
763 2713 800 2747 Π
821 2721 832 2747 t
859 2707 1038 2748 iuvenca
1059 2714 1124 2748 est
1143 2723 1175 2747 ω
1288 2721 1335 2759 17
1366 2709 1538 2749 iuberes
1556 2709 1598 2748 E
1616 2678 1799 2750 :puberis

142 2765 207 2804 P:
236 2764 410 2804 iubebas
430 2776 487 2802 co:
517 2762 680 2813 pararis
707 2762 832 2801 Klotz
1061 2776 1111 2803 21
1142 2763 1342 2815 arripitur
1370 2764 1421 2814 P,
1455 2764 1502 2814 cf
1535 2764 1561 2803 i.
1592 2775 1686 2815 502,
1720 2766 1798 2815 784

143 2818 297 2858 ducere
326 2824 363 2857 11
383 2817 549 2857 Monac.
574 2827 702 2867 14557
722 2830 730 2855 :
760 2829 936 2856 cernere
956 2833 988 2857 ω
1009 2817 1224 2869 (crescere
1241 2831 1310 2858 rec.
1328 2831 1386 2857 m.
1403 2817 1459 2870 Q)
1627 2832 1680 2859 22
1708 2833 1733 2860 e
1761 2818 1803 2858 E

141 2871 268 2924 longo
290 2872 450 2922 Scyros
472 2876 509 2910 Π
530 2884 539 2910 :
567 2883 719 2921 scyros
739 2870 868 2921 longo
889 2886 919 2910 ω
1031 2873 1295 2913 descendere
1315 2871 1357 2911 E

1587 2941 1688 2980 25**
