1884 3204
1038 134 1450 183 THEBAIDOS
1489 134 1702 182 LIBER
1739 134 1783 179 X

81 334 84 340 Δ
200 274 407 335 Insuper
443 270 747 319 Herculeum
784 268 878 317 sibi
914 267 1069 331 iungit
1106 270 1309 332 Agyllea
1343 277 1478 317 vates

131 356 442 415 Actoraque:
489 348 571 398 hic
604 358 748 412 aptus
784 350 1003 408 suadere,
1042 348 1123 397 hic
1158 349 1334 398 robore
1369 348 1517 397 iactat
1705 366 1783 405 250

129 449 230 483 non
265 430 466 481 cessisse
501 428 656 493 patri,
701 428 908 478 comites
943 428 1098 477 tribus
1133 428 1307 478 ordine
1342 428 1491 477 deni:

128 513 426 563 horrendum
461 509 634 558 Aoniis
670 518 718 558 et
753 517 924 558 contra
958 508 1200 557 stantibus
1235 525 1427 572 agmen.

75 648 78 650 ,
127 593 232 657 ipse
266 591 379 642 novi
413 590 639 655 gradiens
674 591 800 638 furta
834 591 898 639 ad
935 589 1180 638 Mavortia
1215 589 1343 638 belli·

125 673 265 739 ponit
297 674 522 722 adoratas
557 669 814 736 (Phoebea
848 670 1078 734 insignia)
1113 671 1330 730 frondes,

106 742 445 818 'longaevique
480 751 619 802 ducis
654 751 841 815 gremio
876 753 1196 801 commendat
1231 752 1471 800 honorem
1704 769 1779 812 255

0 875 13 896 „
92 887 95 890 ,
123 834 308 894 frontis,
345 842 394 882 et
428 833 643 882 oblatam
683 832 929 896 Polynicis
966 849 1169 882 munere
1205 840 1342 896 grato

122 913 320 964 loricam
356 915 646 977 galeamque
683 913 828 962 subit.
900 915 1029 962 ferus
1066 915 1250 962 Actora
1285 929 1466 976 magno

122 1012 239 1046 ense
271 1004 437 1058 gravat
472 996 748 1058 Capaneus,
786 994 892 1058 ipse
927 995 1061 1044 haud
1097 994 1326 1058 dignatus
1361 992 1414 1041 in
1449 994 1642 1041 hostem

70 1097 72 1099 ’
111 1075 188 1126 ,ire
222 1076 340 1125 dolo
375 1092 678 1139 superosque
713 1075 866 1138 sequi.
938 1084 1184 1139 permutat
1220 1076 1453 1138 Agylleus

118 1173 253 1206 arma
286 1155 435 1205 trucis
472 1156 674 1206 Nomii:
722 1156 843 1220 quid
878 1156 1011 1205 enim
1048 1155 1328 1205 fallentibus
1364 1154 1551 1204 umbris
1698 1161 1779 1202 260

117 1254 257 1287 arcus
293 1246 342 1287 et
379 1239 659 1286 Herculeae
694 1236 931 1286 iuvissent
966 1238 1098 1286 bella
1134 1236 1375 1300 sagittae?

186 1319 313 1367 Inde
347 1335 435 1381 per
468 1318 700 1381 abruptas
737 1327 1007 1367 castrorum
1045 1335 1104 1367 ex
1137 1334 1311 1381 aggere
1347 1317 1537 1380 pinnas,

118 1416 180 1448 ne
213 1398 370 1463 gravis
405 1400 645 1448 exclamet
679 1408 849 1462 portae
885 1398 1100 1461 mugitus
1134 1415 1301 1456 aenae,

116 1479 436 1545 praecipitant
471 1481 596 1528 saltu
614 1498 627 1540 ;
674 1496 767 1528 nec
802 1482 1020 1542 longum,
1059 1488 1107 1528 et
1142 1479 1364 1542 protinus
1400 1478 1573 1541 ingens

115 1558 296 1622 praeda
330 1559 436 1606 solo
471 1573 562 1606 ceu
597 1556 695 1605 iam
731 1556 980 1605 exanimes
1018 1557 1274 1619 multoque
1309 1555 1493 1619 peracti
1698 1564 1772 1614 265

115 1655 232 1688 ense
266 1638 439 1686 iacent.
511 1640 525 1662 ‘
546 1639 636 1697 Ite,
674 1654 705 1686 o
741 1636 879 1698 socii,
914 1653 1230 1700 quacumque
1264 1638 1491 1699 voluptas

114 1718 278 1769 caedis
312 1718 642 1778 inexhaustae,
680 1718 968 1781 superisque
1003 1717 1294 1778 faventibus,
1333 1734 1435 1777 oro,

113 1800 318 1849 sufficite
341 1801 378 1848 2'
413 1801 633 1849 hortatur
668 1801 796 1848 clara
830 1799 928 1847 iam
964 1815 1087 1848 voce
1123 1800 1366 1860 sacerdos,

0 1896 1 1903 ¹
28 1878 32 1881 ’
115 1880 337 1930 ‘cernitis
372 1880 615 1944 expositas
651 1880 780 1944 turpi
816 1897 1036 1929 marcore
1071 1879 1301 1929 cohortis.

110 1978 200 2024 pro
234 1963 427 2025 pudor!
478 1961 731 2025 Argolicas
767 1960 884 2010 hine
918 1960 1026 2009 ausi
1061 1960 1290 2010 obsidere
1325 1969 1507 2024 portas,
1693 1977 1769 2022 270

111 2042 163 2090 hi
198 2059 387 2091 servare
422 2042 616 2090 viros?'
653 2041 723 2090 sic
758 2043 899 2100 fatus,
938 2050 987 2090 et
1023 2041 1154 2090 exuit
1189 2058 1359 2091 ensem

109 2122 403 2171 fulmineum
439 2122 709 2186 rapidaque
744 2139 896 2171 manu
932 2122 1192 2172 morientia
1226 2122 1397 2171 transit

109 2203 318 2268 agmina.
390 2203 500 2266 quis
535 2212 760 2252 numeret
795 2203 974 2263 caedis,
1011 2212 1096 2252 aut
1131 2203 1333 2252 nomine
1369 2204 1563 2253 turbam

109 2283 384 2333 exanimem
421 2284 610 2348 signare
645 2286 829 2347 queat?
875 2284 1007 2333 subit
1042 2284 1215 2334 ordine
1250 2287 1387 2334 nullo

108 2373 339 2428 tergaque
375 2374 672 2428 pectoraque
708 2375 757 2414 et
790 2364 941 2428 galeis
975 2364 1166 2414 inclusa
1199 2365 1429 2429 relinquit
1691 2383 1768 2428 275
1810 2401 1814 2404 ⁴

109 2461 357 2494 murmura
391 2446 750 2509 permiscetque
785 2462 934 2509 vagos
970 2445 1019 2493 in
1057 2446 1294 2510 sanguine
1329 2446 1517 2496 manis:

107 2527 241 2574 hunc
276 2535 460 2576 temere
495 2526 779 2589 explicitum
815 2526 990 2587 stratis,
1030 2528 1165 2576 hunc
1200 2544 1309 2577 sero
1344 2528 1559 2577 remissis

160 2667 241 2704 250
260 2655 412 2694 robore
428 2654 493 2695 P:
516 2656 670 2695 robora
686 2654 755 2693 ωδ
1010 2669 1089 2706 254
1106 2658 1213 2708 sort.
1230 2663 1303 2696 tua
1319 2657 1491 2696 Phoebe
1510 2658 1707 2709 insignia,
1733 2662 1773 2698 si

106 2707 374 2748 Lachmanni
391 2710 556 2760 regulae
574 2710 635 2748 vis
655 2716 798 2761 parere
1028 2723 1218 2761 254-255
1247 2716 1402 2763 transp.
1429 2712 1477 2750 N
1690 2726 1766 2763 255

107 2777 188 2805 om.
220 2763 274 2814 Q,
303 2763 399 2803 add.
436 2776 572 2815 marg.
607 2764 662 2803 al.
695 2777 752 2803 m.
933 2766 1253 2817 2564obliquam
1285 2765 1327 2804 P
1513 2768 1593 2816 258
1622 2767 1766 2806 hostes

106 2817 151 2856 D
310 2819 390 2856 262
420 2824 566 2868 portas
592 2817 674 2856 ΡΑ
842 2820 922 2857 266
950 2820 1146 2859 voluntas
1166 2820 1214 2858 N
1399 2823 1476 2869 267
1506 2834 1587 2871 que
1617 2834 1700 2860 om.
1722 2822 1766 2859 D

108 2873 190 2920 269
219 2878 409 2911 mavorte
429 2871 470 2909 A
664 2885 741 2922 271
773 2885 829 2911 an
855 2873 973 2914 vias?
1155 2887 1237 2926 274-
1263 2874 1401 2914 subito
1420 2874 1487 2913 P:
1525 2875 1630 2915 fodit
1653 2876 1762 2928 (sup.

112 2924 226 2965 subit
245 2924 308 2979 D)
329 2924 415 2964 DA
