1884 3204
106 104 160 155 P.
200 108 444 158 ΡΑΡΙΝΙ
482 109 688 158 STATI

106 245 258 312 facta)
293 247 382 297 diu
417 257 526 297 tuto
562 265 795 312 superum
833 257 1148 314 contemptor
1182 259 1232 300 et
1266 250 1414 315 aequi
1478 273 1481 275 ·

106 327 385 392 impatiens,
422 331 683 393 largusque
717 319 928 391 animae,
966 333 1120 381 modo
1156 332 1361 381 suaserit
1395 332 1479 392 ira,

107 426 235 458 unus
271 419 326 458 ut
361 427 389 459 e
424 410 556 459 silvis
594 413 809 460 Pholoes
844 411 1092 461 habitator
1126 430 1313 476 opacae

106 490 234 539 inter
259 501 318 555 ‘et
352 494 606 541 Aetnaeos
641 509 830 555 aequus
866 510 1163 557 consurgere
1198 495 1383 554 fratres,
1691 502 1774 557 605
1811 499 1814 500 ’

107 581 222 621 ante
258 572 387 633 foris,
427 573 515 622 ubi
549 574 693 622 turba
729 575 916 627 ducum
951 574 1184 638 vulgique
1220 574 1488 635 frementis,

106 654 423 717 Amphiarae,
462 663 571 703 tuas
611 658 623 680 ‘
643 657 787 717 Quae
823 664 960 711 tanta
994 655 1217 719 ignavia'
1254 659 1452 717 clamat,

110 738 121 759 ‘
139 735 412 784 Inachidae
446 752 636 799 vosque
671 753 702 786 o
739 735 876 785 socio
913 738 977 785 de
1001 737 1252 799 ⁴sanguine
1287 737 1505 786 Achivi?

106 815 253 864 unius
291 815 411 881 (heu
446 819 633 881 pudeat
651 815 683 883 1)
719 816 903 880 plebeii
936 819 1002 866 ad
1037 817 1209 866 limina
1244 817 1364 867 civis

108 906 181 946 tot
216 899 344 946 ferro
378 898 632 947 accinctae
667 906 839 961 gentes
873 897 1153 961 animisque
1188 908 1387 961 paratae
1692 906 1778 948 6ιο
1823 919 1826 922 ’

106 980 422 1041 pendemus?
458 996 563 1028 non
598 979 640 1028 si
673 979 792 1042 ipse,
831 995 954 1027 cavo
990 979 1083 1027 sub
1118 979 1300 1029 vertice
1336 979 1554 1039 Cirrhae,
1822 967 1823 970 Ἴ

108 1058 331 1122 quisquis
366 1059 407 1108 is
443 1069 531 1120 est,
570 1058 757 1108 timidis
791 1060 1054 1122 famaeque
1089 1058 1157 1108 ita
1192 1058 1339 1119 visus,
1378 1061 1561 1123 Apollo

107 1139 294 1203 mugiat
328 1139 505 1189 insano
540 1140 738 1204 penitus
775 1141 995 1189 seclusus
1030 1139 1083 1188 in
1117 1149 1277 1202 antro,

107 1231 392 1285 exspectare
426 1238 622 1285 queam,
661 1223 783 1270 dum
818 1220 1004 1284 pallida
1038 1221 1174 1285 virgo
1209 1223 1491 1271 tremendas

109 1302 303 1352 nuntiet
338 1304 588 1367 ambages.
660 1302 812 1372 virtus
849 1301 972 1351 mihi
1006 1320 1195 1352 numen
1230 1312 1280 1352 et
1315 1302 1446 1353 ensis
1695 1309 1778 1365 615

109 1401 260 1447 quem
296 1389 474 1434 teneo!
521 1384 721 1448 iamque
756 1383 838 1433 hic
874 1383 1049 1433 timida
1080 1401 1196 1433 cum
1231 1386 1404 1434 fraude
1440 1385 1670 1434 sacerdos

110 1476 262 1525 exeat,
301 1476 386 1515 aut
422 1466 587 1527 hodie,
627 1468 883 1515 volucrum
920 1483 1049 1529 quae
1084 1475 1221 1516 tanta
1255 1475 1488 1530 potestas,

110 1547 359 1611 experiar.’
428 1551 613 1597 laetum
648 1547 812 1597 fremit
846 1564 1153 1611 assensuque
1188 1550 1435 1597 furentem

109 1630 284 1693 implet
318 1631 522 1679 Achaea
557 1645 747 1678 manus.
820 1630 1022 1678 tandem
1059 1645 1379 1692 prorumpere
1415 1629 1622 1678 adactus
1841 1694 1845 1696 4

111 1711 374 1760 Oeclides:
421 1715 432 1737 ‘
451 1711 567 1760 Alio
603 1727 831 1760 curarum
866 1710 1084 1773 agitante
1119 1712 1350 1770 tumultu,
1696 1716 1801 1759 620·
1832 1751 1836 1766 2

110 1809 213 1841 non
249 1792 485 1856 equidem
521 1794 707 1842 effreno
742 1791 934 1841 iuvenis
970 1794 1186 1842 clamore
1221 1791 1415 1855 profani

111 1874 460 1939 dictorumque
495 1884 646 1935 metu,
684 1874 800 1924 licet
836 1873 919 1923 hic
953 1874 1129 1923 insana
1163 1873 1391 1933 minetur,

110 1956 279 2006 elicior
313 1957 561 2018 tenebris3
594 1956 692 2006 alio
728 1955 851 2005 mihi
886 1955 1057 2005 debita
1090 1957 1192 2005 fato

111 2056 307 2088 summa
341 2038 463 2099 dies,
500 2038 808 2101 vetitumque
844 2037 951 2087 dari
986 2037 1277 2086 mortalibus
1311 2036 1473 2087 armis.
1835 2099 1836 2102 Ἴ

113 2122 201 2170 sed
237 2137 318 2170 me
353 2129 514 2170 vester
548 2136 688 2169 amor
722 2118 1007 2182 nimiusque
1040 2135 1220 2168 arcana
1247 2117 1428 2182 profari
1699 2126 1782 2180 625

114 2201 350 2251 Phoebus
386 2200 486 2264 agit
502 2219 516 2263 3
553 2200 697 2251 vobis
732 2209 940 2251 ventura
974 2208 1125 2263 atque
1161 2216 1314 2250 omne
1350 2200 1489 2262 quod
1525 2200 1651 2249 ultra
1675 2207 1750 2248 est

112 2284 332 2346 pandere
368 2291 586 2332 maestus
622 2298 719 2343 eo;
764 2298 883 2331 nam
918 2290 981 2341 te,
1019 2297 1215 2341 vesane,
1255 2279 1446 2329 moneri

113 2372 229 2414 ante
265 2366 418 2424 nefas,
458 2363 645 2427 unique
682 2372 812 2412 tacet
847 2362 939 2412 tibi
973 2371 1142 2412 noster
1176 2364 1374 2425 Apollo.

115 2463 230 2510 qu0‚
269 2445 448 2507 miseri,
487 2445 599 2495 fatis
636 2445 925 2510 superisque
962 2443 1276 2495 obstantibus
1311 2460 1460 2502 arma,

115 2545 216 2592 quo
251 2527 457 2593 rapitis?
503 2544 631 2591 quae
666 2543 754 2576 vos
791 2525 1048 2576 Furiarum
1083 2525 1287 2576 verbera
1322 2541 1496 2575 caecos
1701 2532 1788 2584 630

170 2661 251 2707 603
281 2671 382 2708 —que
401 2671 485 2698 om.
511 2656 552 2694 D
680 2657 762 2698 608
791 2655 896 2695 socii
918 2654 959 2694 P
1082 2656 1165 2704 609
1192 2653 1356 2704 plebeia
1375 2652 1508 2706 codd„
1529 2666 1629 2695 corr.
1651 2653 1785 2694 Lach-
1832 2670 1835 2673 ’

118 2726 251 2751 mann
418 2713 500 2750 616
530 2725 573 2750 -e
593 2712 792 2751 sacerdos
813 2712 856 2749 in
874 2723 954 2750 raS.
976 2709 1023 2747 N
1169 2711 1249 2759 617
1278 2722 1363 2748 om.
1382 2713 1421 2749 et
1443 2709 1486 2748 in
1517 2715 1608 2760 mg.‘
1624 2708 1720 2748 add.
1742 2707 1787 2746 D
1835 2734 1846 2757 χ,

117 2767 203 2807 ead.
227 2781 282 2805 m.
398 2768 481 2805 620
510 2766 594 2805 alto
613 2765 681 2805 P:
715 2765 1065 2815 interpunxicum
1082 2764 1357 2803 Lachmanno
1479 2764 1561 2802 628
1589 2768 1702 2803 tacet
1720 2761 1783 2801 P:
1842 2763 1846 2804 ἶ

117 2822 214 2860 silet
234 2820 310 2860 ωΞ
471 2823 555 2869 630
581 2820 709 2874 quae]
732 2820 830 2872 quid
854 2818 1007 2872 (†quo)
1030 2817 1078 2858 N
1095 2832 1103 2858 :
1133 2831 1216 2870 quo
1237 2817 1279 2858 P
1506 2830 1656 2859 caecos
1677 2817 1792 2871 (-sos‚
1841 2817 1842 2820 ’

118 2882 319 2929 suprascr.
340 2875 427 2916 ead.
450 2890 506 2916 m.
523 2876 573 2928 (3)
596 2875 638 2915 P
