1884 3204
989 42 1401 91 THEBAIDOS
1439 42 1654 90 LIBER
1689 41 1764 90 XI

115 186 195 237 ille
227 192 398 234 vocat:
449 183 625 231 ‘Nunc
660 189 855 243 tempus
891 187 1006 237 erat,
1046 187 1177 227 sator
1211 177 1398 241 optime
1433 176 1633 228 divum:

54 255 58 262 ¹
115 265 235 330 quid
269 262 444 314 meruit
480 263 740 325 Capaneus
760 262 781 308 ?
800 262 811 283 '
859 259 1080 307 turbatus
1116 258 1356 307 inhorruit
1390 257 1500 306 altis

114 363 198 396 rex
231 344 369 404 odiis,
408 342 671 405 mediaque
706 350 872 389 tamen
907 339 1101 402 gavisus
1137 338 1187 387 in
1223 339 1293 387 ira
1328 348 1415 388 est.
1454 400 1456 405 ,
1690 357 1768 398 250

114 426 184 477 sic
218 424 303 474 ubi
337 433 561 486 regnator
595 431 707 485 post
742 419 920 470 exsulis
957 419 1059 468 otia
1093 419 1217 468 tauri

52 570 56 572 ῃ
115 505 353 570 mugitum
388 503 616 552 hostilem
653 518 846 551 summa
882 500 991 549 tulit
1025 517 1142 548 aure
1176 499 1412 548 iuvencus

113 583 407 649 agnovitque
442 583 613 643 minas,
652 598 830 645 magna
864 590 959 629 stat
993 579 1207 629 fervidus
1243 579 1312 627 ira

86 664 226 716 'ante
259 681 453 728 gregem
475 663 776 727 spumisque
810 661 1003 710 animos
1037 660 1324 709 ardentibus
1360 661 1503 720 efflat,

71 808 75 812 ⁸
114 763 246 796 nunc
269 747 397 809 pede
421 753 586 793 torvus
611 745 832 802 humum,
861 759 995 791 nunc
1020 741 1252 791 cornibus
1275 748 1387 790 a‘e‘ra
1411 743 1604 790 findens
1624 760 1638 803 ,-
1689 763 1708 789 2
1717 763 1738 803 5
1747 763 1768 803 5

114 829 276 877 horret
310 842 440 889 ager,
474 824 794 888 trepidaeque
830 832 1115 887 exspectant
1150 822 1334 886 proelia
1368 825 1531 871 valles.

181 909 290 957 Nec
325 908 505 955 desunt
539 905 675 969 regni
710 904 948 954 comites:
1000 903 1147 953 ‘Sine
1182 903 1380 952 moenia
1414 905 1575 967 pulset

51 1019 55 1022 ·
114 987 315 1037 inritus!
389 991 400 1013 ‘
420 988 512 1035 Ille
546 995 712 1034 autem
748 985 911 1034 fractis
947 986 1045 1033 huc
1079 985 1261 1033 audeat
1295 1001 1453 1047 usque

115 1067 357 1118 viribus?’
433 1066 563 1115 ‘Hic
599 1066 786 1114 miseris
822 1068 955 1114 furor
989 1074 1063 1114 est
1098 1065 1278 1113 instare
1313 1064 1511 1128 periclo,

115 1166 207 1199 nec
240 1148 415 1197 librare
452 1157 611 1197 metus
648 1157 696 1196 et
731 1157 836 1196 tuta
871 1146 1064 1196 odisse.’
1138 1150 1149 1172 ‘
1169 1146 1364 1195 Resiste
1694 1155 1772 1195 260

114 1230 195 1280 hic
229 1231 378 1278 fretus
415 1229 552 1288 solio,
591 1245 682 1277 nos
718 1227 1115 1292 propulsabimus
1156 1229 1366 1287 hostem,

116 1328 206 1361 nos
241 1311 421 1359 bellare
455 1309 603 1358 iube.'
673 1309 742 1357 sic
778 1308 998 1372 proxima
1034 1308 1190 1368 turba,
1228 1310 1317 1357 sed
1352 1309 1531 1357 ardens

116 1409 230 1442 ecce
265 1393 431 1440 aderat
466 1391 602 1439 luctu
638 1389 957 1452 dicturusque
993 1388 1161 1437 omnia
1195 1388 1314 1438 belli

114 1472 335 1521 libertate
371 1472 564 1521 Creon:
612 1470 707 1518 urit
742 1472 842 1519 fera
877 1471 1028 1518 corda
1064 1472 1368 1518 Menoeceus
1390 1487 1405 1529 3

116 1551 249 1598 nulla
283 1547 407 1612 patri
442 1547 646 1611 requies,
685 1547 823 1595 illum
860 1547 1148 1610 quaeritque
1183 1556 1452 1610 tenetque3
1692 1554 1770 1608 265

115 1629 252 1678 illum
289 1628 582 1692 sanguineos
618 1630 911 1692 proflantem
946 1637 1146 1692 pectore
1182 1627 1310 1676 rivos

115 1709 324 1773 adspicit
358 1718 408 1758 et
442 1726 586 1758 saeva
621 1726 814 1772 semper
849 1710 912 1758 de
948 1718 1078 1757 turre
1113 1710 1389 1757 cadentem.

117 1800 171 1840 ut
205 1790 412 1840 dubium
449 1799 497 1839 et
531 1807 720 1854 pugnas
756 1799 1072 1838 cunctantem
1110 1792 1343 1838 Eteoclea
1378 1789 1512 1849 vidit,

121 1868 281 1917 ‘Ibis'
316 1868 383 1916 ait
422 1873 611 1931 ‘neque
646 1877 694 1916 te
729 1867 930 1915 ulterius
965 1869 1262 1930 fratremque
1298 1870 1591 1930 ducemque,

117 1949 344 2014 pessime,
380 1948 633 1997 funeribus
669 1948 852 2012 patriae
887 1948 1198 2011 lacrimisque
1233 1958 1502 2011 potentem,
1696 1965 1775 2012 270

120 2030 454 2079 Eumenidum
491 2029 705 2092 bellique
740 2046 893 2089 reum,
931 2029 1173 2092 patiemur
1213 2029 1368 2078 inulti.

119 2120 192 2160 sat
227 2120 310 2160 tua
345 2129 447 2160 non
482 2110 652 2174 aequis
688 2110 868 2168 luimus
904 2110 1113 2173 periuria
1148 2110 1286 2159 divis.

118 2191 290 2239 urbem
326 2190 472 2238 armis
509 2190 786 2253 opibusque
820 2207 1016 2253 gravem
1052 2199 1101 2239 et
1136 2192 1289 2240 modo
1324 2190 1513 2240 civibus
1547 2201 1715 2252 artam,

119 2288 211 2320 ceu
247 2273 384 2319 caelo
420 2271 613 2319 deiecta
647 2273 752 2319 lues
788 2270 1048 2319 inimicave
1083 2273 1240 2332 tellus,

65 2420 70 2421 .
119 2351 323 2400 hausisti
357 2368 662 2415 vacuamque
697 2361 863 2400 tamen
898 2351 1120 2400 sublimis
1156 2353 1463 2401 obumbras?
1699 2374 1776 2414 275

175 2469 255 2517 248
284 2481 395 2507 nunc
428 2468 539 2506 PD:
568 2475 667 2507 tunc
698 2468 824 2518 KNQ
855 2470 900 2511 (n
929 2474 1022 2519 sup.
1056 2474 1072 2507 t
1103 2469 1199 2509 add.
1236 2469 1290 2519 Q)
1444 2483 1523 2520 249
1554 2471 1776 2522 Capaneus

121 2523 272 2561 meruit
290 2523 337 2560 N
469 2536 549 2572 254
580 2523 692 2560 efflat
718 2522 803 2560 ΡΝ
807 2522 894 2561 ²A:
922 2524 1048 2562 offert
1079 2539 1109 2561 ω
1262 2525 1342 2573 256
1369 2537 1522 2563 vaccae
1552 2528 1774 2577 (suprascr.

118 2577 271 2621 valles)
294 2576 338 2614 D
501 2589 578 2625 257
624 2578 713 2626 regi
750 2576 842 2615 DN
848 2576 863 2598 ²
1025 2578 1103 2625 258
1133 2577 1275 2616 fractis
1309 2584 1534 2629 (suprascr.
1564 2580 1698 2627 fretis)
1734 2581 1778 2620 D

122 2633 197 2669 261
231 2630 315 2668 Hic
335 2630 483 2679 PKQ:
513 2632 592 2670 hoc
612 2631 744 2668 BDN
849 2633 929 2681 263
957 2632 1098 2670 omina
1117 2632 1162 2670 D
1271 2635 1348 2681 264
1377 2633 1479 2685 urit]
1502 2635 1712 2685 vertitque
1731 2636 1774 2673 A

122 2686 202 2724 268
233 2690 275 2723 et
296 2697 378 2723 orn.
401 2685 482 2733 ΝΩ
503 2684 617 2730 νζιτοίιί.
641 2692 771 2735 supra
794 2685 882 2736 N2)
1074 2688 1155 2735 269
1184 2686 1440 2736 fratremque
1461 2689 1692 2738 ducemque
1711 2689 1776 2727 P:

122 2737 380 2788 fratrumque
401 2739 636 2788 ducumque
657 2754 687 2776 ω
893 2751 974 2789 270
1003 2740 1183 2789 potitum
1203 2740 1294 2779 DN
1310 2745 1534 2791 (suprascr.
1559 2748 1777 2792 potentem

123 2791 183 2836 D)
203 2807 212 2831 ε
233 2798 451 2843 potentem
472 2798 692 2843 (suprascr.
716 2794 770 2833 al.
796 2807 854 2833 m.
879 2794 1059 2843 potitum
1081 2794 1138 2844 Q)
1162 2794 1244 2844 ΩΑ
1363 2808 1442 2845 274
1472 2796 1632 2835 deiecta
1647 2797 1775 2835 PDA

125 2848 346 2897 (suprascr.
358 2847 610 2890 demissaD)
627 2861 635 2885 :
653 2848 817 2886 diuersa
832 2853 1038 2897 suprascr.
1052 2850 1178 2887 missa
1194 2848 1233 2898 Q
1249 2849 1458 2899 (aequaev.
1471 2850 1548 2900 m.)
1563 2865 1572 2889 z
1593 2852 1777 2891 demissa

126 2899 256 2940 BKN
359 2902 482 2941 stella
513 2902 664 2952 Imhos
673 2916 682 2940 :
711 2902 946 2941 inhiulcave
967 2902 1090 2941 tellus
1111 2903 1177 2954 (cf.
1192 2903 1312 2943 schol.
1334 2904 1502 2956 Dresd.)
1525 2907 1776 2956 temptabam
