1884 3204
889 78 1301 128 THEBAIDOS
1339 80 1554 128 LIBER
1589 81 1694 129 VII

34 214 242 265 vulnere
276 212 546 263 semineces
583 213 695 278 (nec
731 213 947 263 devitare
982 212 1208 279 facultas)

31 303 299 354 *venturum
333 310 479 357 super
513 310 598 343 ora
632 293 833 354 vident3
881 293 978 342 iam
1014 293 1202 342 lubrica
1236 294 1353 343 tabo
1614 301 1696 356 765

41 360 188 434 frena,
226 390 318 423 nec
352 372 510 423 insisti
546 373 774 423 madidus
811 375 896 423 dat
932 383 1079 434 temo,
1118 382 1352 438 rotaeque

42 452 276 518 sanguine
310 452 545 514 difficiles,
584 463 632 502 et
668 453 851 510 tardior
885 455 1068 517 ungula
1102 453 1246 503 fossis

29 529 337 588 'visceribusz
384 542 503 583 tunc
538 533 643 597 ipse
678 535 842 582 furens
878 533 928 582 in
965 542 1123 582 morte
1159 533 1327 582 relicta

41 615 225 683 spicula
259 623 308 664 et
342 631 369 663 e
404 613 580 663 mediis
616 613 848 663 exstantis
885 613 1078 663 ossibus
1113 615 1277 662 hastas
1329 605 1333 608 ’

39 695 214 756 avellit,
252 694 460 744 strident
493 693 689 743 animae
724 710 1020 756 currumque
1056 703 1342 757 sequuntur.
1615 710 1695 756 770

104 775 330 824 Tandem
367 791 419 824 se
441 775 639 823 'famulo
675 790 926 823 summum
961 775 1216 824 confessus
1253 774 1436 837 Apollo

41 852 217 900 ‘Vtere
250 852 360 900 luce
395 860 479 900 tua
513 853 812 915 longamque
831 853 842 874 '
876 850 957 911 ait,
999 850 1177 900 ‘indue
1212 852 1409 912 famam,

37 932 159 982 dum
194 931 284 981 tibi
319 949 399 980 me
433 931 656 981 iunctum
692 948 823 981 mors
859 931 1139 980 inrevocata
1172 939 1376 981 veretur.

38 1011 311 1062 vincimur:
358 1011 561 1061 immitis
598 1011 692 1061 scis
727 1014 862 1060 nulla
897 1013 1144 1061 revolvere
1181 1013 1357 1060 Parcas

38 1091 248 1142 stamina
264 1111 278 1154 3
319 1094 459 1152 vade,
498 1092 583 1143 diu
619 1092 815 1157 populis
851 1091 1091 1156 promissa
1125 1093 1351 1156 voluptas
1615 1109 1692 1155 775

39 1171 230 1235 Elysiis,
267 1182 398 1222 certe
433 1189 536 1222 non
570 1189 858 1237 perpessure
895 1171 1123 1222 Creontis

38 1251 241 1315 imperia
275 1262 360 1301 aut
394 1252 546 1302 vetito
582 1254 746 1302 nudus
782 1252 984 1301 iaciture
1020 1253 1278 1314 sepulcro.'

6 1361 7 1364 =
36 1330 118 1380 ille
152 1333 295 1381 refert
332 1341 515 1392 contra,
555 1341 604 1381 et
638 1335 838 1396 paulum
877 1331 1079 1395 respirat
1113 1332 1177 1380 ab
1213 1331 1390 1381 armis:

13 1415 53 1438 *‘
71 1411 203 1462 Olim
241 1421 301 1473 te,
342 1411 573 1462 Cirrhaee
608 1421 758 1476 pater,
796 1411 1009 1475 peritura
1044 1413 1301 1460 sedentem

4 1479 5 1483 Ἰ
37 1494 101 1543 ad
134 1491 248 1556 iuga
283 1491 413 1558 (quis
449 1501 614 1541 tantus
650 1491 838 1541 miseris
873 1493 1034 1540 honor
1051 1490 1093 1557 ?)
1129 1508 1218 1540 axe
1254 1491 1483 1541 trementi
1618 1502 1696 1554 780

33 1571 310 1633 ⁴sensimu33
350 1572 576 1621 instantis
612 1589 831 1636 quonam
866 1589 1024 1636 usque
1060 1571 1316 1621 morabere
1353 1571 1548 1621 manis?

35 1652 184 1719 fludio
219 1652 316 1701 iam
353 1652 552 1717 rapidae
588 1669 786 1702 cursum
822 1652 981 1716 Stygis
1016 1661 1220 1715 atraque
1258 1651 1388 1701 Ditis

39 1731 238 1781 {lumina
272 1732 668 1797 tergeminosque
704 1732 820 1782 mali
855 1733 1074 1783 custodis
1109 1732 1285 1781 hiatus.

35 1812 202 1877 ¹accipe
237 1813 556 1863 commissum
593 1813 742 1878 capiti
777 1815 943 1874 decus,
981 1813 1151 1878 accipe
1186 1815 1363 1873 laurus,

0 1887 156 1961 sssquas
193 1894 358 1942 Erebo
394 1895 584 1943 deferre
619 1896 770 1943 nefas.
842 1911 977 1943 nunc
1011 1910 1134 1943 voce
1161 1910 1402 1958 suprema,
1613 1902 1691 1957 785

36 1972 76 2023 si
111 1990 210 2037 qua
243 1990 494 2022 recessuro
530 1975 740 2024 debetur
772 1974 925 2038 gratia
959 1974 1071 2034 vati,

0 2093 2 2096 v
35 2055 301 2116 deceptum
337 2053 444 2115 tibi,
479 2054 697 2115 Phoebe,
735 2056 886 2103 larem
922 2071 1209 2118 poenasque
1245 2056 1489 2104 nefandae

35 2133 255 2198 coniugis
291 2143 339 2183 et
372 2135 634 2198 pulchrum
669 2134 771 2184 nati
806 2137 1108 2185 commendo
1143 2137 1387 2185 furorem.’

36 2214 233 2265 desiluit
267 2231 494 2264 maerens
530 2214 855 2279 lacrimasque
889 2216 1062 2265 avertit
1097 2218 1310 2280 Apollo:

35 2306 152 2345 tunc
186 2311 301 2344 vero
336 2294 576 2359 ingemuit
611 2312 880 2360 currusque
914 2296 1122 2360 orbique
1157 2297 1356 2361 iugales.
1612 2315 1691 2360 790

35 2391 137 2425 non
171 2374 308 2424 aliter
341 2392 491 2426 caeco
526 2377 755 2425 nocturni
789 2377 984 2426 turbine
1020 2377 1137 2428 Cori

34 2455 124 2509 scit
158 2455 369 2520 peritura
404 2456 533 2517 ratis,
572 2474 686 2506 cum
722 2457 820 2505 iam
856 2459 1091 2507 damnata
1125 2458 1303 2508 sororis

32 2534 146 2600 igne
179 2536 491 2601 Therapnaei
526 2539 754 2604 fugerunt
789 2538 993 2589 carbasa
1027 2540 1211 2590 fratres,

89 2665 168 2718 764
197 2672 221 2704 e
249 2665 385 2704 vitare
404 2665 449 2703 D
468 2680 478 2705 ι
507 2665 589 2705 iam
610 2667 745 2706 vitare
763 2666 811 2705 N
952 2669 1031 2718 766
1060 2668 1176 2708 insiti
1196 2668 1240 2709 P.
1384 2671 1462 2718 768
1491 2669 1634 2709 ferens
1653 2669 1695 2708 P

35 2729 113 2768 770
139 2719 319 2759 strident
337 2719 401 2760 P:
432 2720 617 2760 stridunt
637 2721 705 2761 ωδ
967 2734 1044 2772 774
1073 2722 1177 2776 scis]
1200 2722 1264 2762 sas
1285 2720 1388 2773 <scis
1406 2730 1607 2774 suprascr.
1626 2724 1689 2776 D)

34 2771 131 2822 DN,
153 2773 320 2824 Bentley
465 2775 544 2824 782
572 2788 670 2814 nam
686 2775 733 2814 N
839 2777 1004 2826 trepide
1023 2776 1123 2816 ΡΒ1
1232 2784 1413 2828 utraque
1434 2777 1476 2816 P
1611 2791 1687 2829 791

36 2827 152 2867 caelo
171 2826 411 2868 Priscianus
427 2829 542 2869 xviii.
563 2841 643 2881 215
762 2829 879 2870 chori
896 2830 985 2870 BN
1144 2843 1222 2882 792
1251 2832 1332 2872 scit
1353 2833 1578 2885 (suprascr.
1596 2833 1686 2873 ead.

39 2892 95 2920 m.
114 2881 198 2931 sit†
218 2883 301 2937 est)
323 2882 387 2923 P:
415 2887 499 2924 stat
516 2883 558 2923 A
