1884 3204
951 80 1363 129 THEBAIDOS
1401 80 1618 127 LIBER
1651 81 1755 128 XII

48 267 50 274 ν
108 239 263 300 Argos
300 243 347 283 et
381 232 614 295 impulsas
650 228 800 279 cineri
837 229 1042 279 miscere
1079 231 1331 293 Mycenas,

108 331 286 378 meque
322 329 479 376 super,
518 310 598 359 cui
633 309 733 358 vita
768 310 926 372 (nefas
948 309 976 374 !)
1015 319 1064 359 et
1101 310 1338 372 sanguine
1374 310 1475 358 nati

107 405 271 460 partus
306 395 482 442 honos.
553 392 795 440 eademne
829 389 949 450 dies,
989 392 1163 439 eadem
1201 390 1352 453 impia
1386 392 1516 439 bella

107 486 169 536 te,
207 491 339 538 puer,
377 482 426 522 et
461 471 592 521 diros
629 470 804 520 misere
839 471 890 519 in
925 472 1127 519 Tartara
1162 473 1352 530 fratres,
1708 481 1757 531 85

44 580 48 582 ·
105 566 154 604 et
188 571 320 603 nunc
356 551 605 616 Oedipodi
641 568 728 615 par
762 561 835 601 est
869 553 1064 600 fortuna
1100 551 1284 599 doloris

106 651 165 684 ac
200 633 350 682 mihi?
401 650 550 696 quam
586 632 757 681 similis
792 631 1049 695 gemimus,
1087 631 1220 680 bone
1258 630 1492 694 Iuppiter,
1531 631 1758 679 umbras!

105 714 288 778 accipe,
326 723 453 774 nate,
492 712 562 762 tui
598 729 727 762 nova
761 713 1030 762 libamenta
1065 711 1313 775 triumphi,

65 819 67 821 ·
105 795 274 858 accipe
310 803 358 843 et
393 795 489 842 hoc
525 794 742 858 regimen
775 795 973 843 dextrae
1008 792 1282 856 frontisque
1318 793 1558 856 superbae

104 875 314 935 vincula,
349 891 476 938 quae
511 874 636 938 patri
670 874 931 923 minimum
967 875 1196 923 laetanda
1230 873 1427 923 dedisti.
1706 894 1762 934 90

104 973 264 1020 regem
302 964 365 1015 te,
402 972 566 1019 regem
603 954 761 1004 tristes
799 957 1061 1004 Eteocleos
1097 955 1301 1004 umbrae

103 1035 408 1100 adspiciant.'
477 1035 622 1084 simul
658 1037 781 1084 haec
817 1035 988 1085 dicens
1023 1035 1310 1098 crinemque
1346 1051 1649 1098 manumque

105 1115 322 1175 destruit,
360 1133 668 1179 accensaque
703 1115 843 1165 iterat
879 1115 1140 1165 violentius
1175 1115 1274 1164 ira:

108 1202 119 1224 ⁴
139 1200 347 1247 Saevum
383 1199 594 1260 agedum
633 1196 975 1260 immitemque
1010 1206 1202 1256 vocent,
1241 1196 1282 1244 si
1317 1198 1488 1244 funera
1524 1198 1714 1244 Lernae

23 1273 29 1278 ’
104 1289 267 1328 tecum
303 1279 473 1326 ardere
508 1287 622 1326 veto
639 1296 652 1338 ;
698 1279 872 1341 longos
908 1277 1096 1326 utinam
1133 1279 1316 1326 addere
1352 1293 1523 1325 sensus
1709 1297 1761 1337 95

104 1358 389 1422 corporibus
424 1359 662 1420 caeloque
696 1357 886 1406 animas
923 1358 1189 1420 Ereboque
1224 1356 1449 1406 nocentis

105 1441 284 1504 pellere
320 1440 406 1499 fas,
444 1437 707 1501 ipsumque
742 1440 880 1497 feras,
920 1437 1082 1501 ipsum
1118 1454 1247 1486 unca
1282 1439 1537 1486 volucrum

105 1537 188 1569 ora
222 1519 362 1582 sequi
396 1528 545 1582 atque
579 1528 711 1567 artus
747 1520 948 1567 fratrum
985 1527 1255 1567 monstrare
1292 1519 1567 1567 nefandos!

104 1601 148 1650 ei
185 1601 317 1660 mihi,
356 1602 492 1663 quod
528 1599 715 1663 positos
751 1601 930 1648 humus
965 1601 1096 1648 alma
1130 1599 1352 1669 diesque·
1372 1601 1594 1648 resolvet.

105 1698 253 1745 quare
287 1680 462 1730 iterum
499 1666 1041 1744 repetens'iterumque
1077 1680 1254 1730 edico:
1303 1696 1532 1744 suprema
1688 1699 1765 1728 100

104 1779 166 1811 ne
201 1761 310 1825 quis
346 1779 442 1825 ope
477 1771 526 1811 et
561 1761 771 1810 flammis
807 1761 935 1811 ausit
969 1761 1149 1811 iuvisse
1185 1764 1417 1825 Pelasgos
1434 1780 1447 1822 3

102 1853 186 1892 aut
222 1860 343 1892 nece
379 1845 507 1892 facta
541 1845 644 1892 luet
678 1860 987 1906 numeroque
1021 1842 1238 1906 explebit
1271 1844 1506 1905 adempta

103 1941 306 1988 corpora
323 1942 337 1985 3
382 1941 470 1987 per
504 1940 707 1987 superos
742 1940 1077 1987 magnumque
1115 1925 1390 1972 Menoecea
1425 1922 1561 1971 iuro.'

103 2004 236 2065 dixit,
275 2014 324 2053 et
358 2005 618 2068 abreptum
653 2003 859 2052 comites
895 2003 947 2052 in
981 2013 1111 2053 tecta
1145 2004 1384 2052 ferebant.

171 2085 371 2134 Flebilis
407 2084 594 2134 interea
629 2084 796 2133 vacuis
831 2083 1095 2132 comitatus
1130 2085 1194 2133 ab
1230 2083 1373 2148 Argis
1686 2103 1762 2145 105

103 2166 256 2230 (fama
288 2166 436 2215 trahit
470 2165 691 2230 miseras)
726 2166 875 2214 orbae
910 2165 1188 2228 viduaeque
1222 2165 1430 2214 ruebant

105 2247 369 2297 Inachides
405 2264 496 2296 ceu
532 2257 675 2310 capta
711 2264 886 2295 manus
903 2265 917 2308 5
965 2263 1052 2295 sua
1086 2249 1287 2295 vulnera
1322 2246 1515 2310 cuique,

104 2345 190 2392 par
225 2328 421 2376 habitus
457 2327 666 2390 cunctis,
702 2327 880 2376 deiecti
915 2327 967 2375 in
1002 2336 1202 2391 pectora
1237 2326 1395 2375 crines

103 2408 412 2472 accinctique
448 2407 617 2470 sinus3
665 2417 866 2457 manant
901 2410 1060 2456 lacera
1095 2425 1181 2457 ora
1216 2407 1428 2456 cruentis

160 2540 211 2577 82
241 2536 463 2589 impulsas]
486 2537 600 2588 ipsas
619 2536 661 2575 P
677 2539 798 2585 :sort.
822 2537 952 2576 Iasias
972 2537 1104 2576 cineri
1125 2543 1167 2576 et
1190 2536 1228 2586 Q
1449 2537 1500 2586 87
1530 2536 1636 2589 alls
1651 2537 1708 2575 ihi
1729 2537 1770 2575 P

105 2594 158 2632 88
188 2606 269 2631 om.
303 2596 338 2631 et
365 2592 408 2631 in
439 2604 575 2644 mag.
607 2591 704 2631 add.
738 2591 776 2641 Q
957 2605 1011 2642 90
1041 2592 1253 2630 minimum
1285 2591 1454 2630 letanda
1485 2591 1570 2630 Pz*
1594 2591 1767 2630 nimium

106 2647 311 2697 gestanda
330 2646 398 2685 ωδ
557 2659 610 2696 93
640 2646 819 2685 destruit
839 2645 909 2685 vix
916 2645 1141 2696 ferendum
1162 2661 1171 2684 :
1187 2646 1290 2696 sort.
1314 2646 1431 2684 exuit
1451 2649 1500 2684 ut
1521 2644 1560 2683 V
1557 2646 1633 2696 ig.
1654 2647 1763 2686 Aen.

106 2714 147 2741 v.
171 2713 250 2750 423
343 2700 468 2739 iterat
487 2700 539 2739 al.
565 2714 622 2740 m.
646 2700 692 2739 N
808 2713 862 2750 94
883 2700 919 2739 si
951 2700 1014 2739 P:
1045 2713 1156 2739 nunc
1176 2699 1244 2738 ωδ
1379 2701 1432 2749 98
1462 2700 1636 2738 fratrum
1664 2713 1767 2739 nos:

110 2755 264 2794 serrum
278 2753 345 2794 P:
365 2767 512 2803 regum
533 2753 600 2794 ωδ
692 2767 749 2793 an
769 2755 1005 2795 vorandos‘.²
1139 2767 1195 2805 99
1224 2754 1408 2793 resolvet
1421 2753 1482 2792 P:
1512 2754 1686 2793 resolvit
1705 2754 1772 2792 ωδ

115 2821 191 2848 100
217 2821 298 2859 qua
315 2809 369 2847 ῦὲ
391 2808 430 2858 Q
598 2820 670 2847 101
704 2814 748 2847 et
766 2807 831 2847 P:
861 2814 931 2847 aut
950 2808 1018 2848 ωδ
1179 2821 1254 2858 103
1285 2822 1341 2846 an
1361 2821 1602 2859 numenque
1623 2808 1735 2849 Men.
1754 2811 1766 2849 3

114 2864 189 2903 108
215 2868 389 2917 pectora
407 2862 491 2902 PD
508 2867 547 2902 et
561 2876 612 2902 ex
632 2868 803 2915 pectore
823 2875 924 2903 corr.
943 2863 982 2914 Q
999 2877 1008 2902 :
1036 2869 1212 2914 pectore
1231 2862 1399 2901 BKNA
