1884 3204
993 70 1402 120 THEBAIDOS
1439 73 1654 121 LIBER
1690 74 1734 120 V

92 212 302 260 Somnus
337 215 386 256 et
419 205 658 269 implicito
693 205 854 255 fundit
888 206 1050 269 gravia
1085 206 1185 256 otia
1219 223 1373 256 cornu

53 346 58 359 ‚
89 286 392 350 secernitque
425 285 565 334 viros.
639 285 838 349 vigilant
872 295 1155 350 nuptaeque
1190 304 1440 351 nurusque
1659 309 1737 339 200

88 368 139 418 in
173 369 342 426 scelus,
381 374 529 429 atque
563 365 739 414 hilares
774 375 959 414 acuunt
994 368 1094 415 fera
1129 369 1225 416 tela
1261 369 1473 417 Sorores.

86 447 303 497 invasere
338 447 486 506 nefas,
526 455 706 494 cuncto
743 462 831 494 sua
864 455 1034 509 regnat
1070 446 1245 510 Erinys

12 532 15 534 ’
86 536 296 592 pectore.
367 542 468 575 non
501 525 640 574 aliter
674 524 928 588 Scythicos
963 536 1185 575 armenta
1219 543 1306 590 per
1339 544 1479 591 agros

0 642 1 656 ¹
50 661 54 664 Δ
89 609 347 671 Hyrcanae
382 608 599 655 clausere
634 608 753 665 leae,
791 622 912 669 quas
949 606 1095 670 exigit
1130 616 1240 656 ortu

63 686 240 753 3prima
274 688 442 746 fames,
480 685 710 749 avidique
745 686 1009 749 implorant
1043 686 1196 735 ubera
1231 686 1345 736 nati.
1659 709 1735 752 ²05

81 755 208 833 ‘quos
244 766 332 816 tibi
368 767 505 830 (nam
541 766 738 830 dubito)
776 768 1016 816 scelerum
1052 768 1115 816 de
1151 767 1284 817 mille
1320 768 1484 832 figuris

67 847 339 912 expediam
376 849 553 896 casus?
602 849 875 911 Helymum
911 847 1166 897 temeraria
1203 850 1366 913 Gorge

24 964 27 969 Δ
83 928 329 979 evinctum
366 928 511 977 ramis
546 930 742 992 altaque
777 927 828 976 in
863 930 995 977 mole
1029 937 1250 992 tapetum

82 1010 327 1059 efflantem
365 1025 542 1058 somno
577 1008 848 1058 crescentia
882 1008 996 1057 vina
1030 1018 1311 1072 superstans

46 1110 50 1113 ⁴
82 1091 281 1139 vulnera
315 1089 519 1139 disiecta
553 1089 754 1138 rimatur
787 1099 936 1149 veste,
975 1091 1063 1139 sed
1098 1089 1236 1139 illurn
1275 1087 1284 1103 ⁸
1660 1111 1737 1140 210

82 1169 247 1219 infelix
284 1187 431 1234 sopor
465 1171 667 1219 admota
702 1171 793 1219 sub
830 1179 987 1219 morte
1022 1170 1208 1234 refugit.

82 1250 306 1301 turbidus
342 1251 682 1314 incertumque
718 1251 872 1300 oculis
907 1250 1220 1314 vigilantibus
1256 1253 1451 1302 hostem

81 1341 290 1395 occupat
324 1334 567 1395 amplexu,
606 1349 699 1381 nec
735 1331 931 1395 segnius
968 1331 1050 1380 illa
1085 1333 1297 1382 tenentis

81 1428 211 1477 pone
245 1412 397 1476 adigit
432 1422 612 1473 costaS,
647 1414 809 1462 donec
845 1429 934 1461 sua
969 1422 1169 1476 pectora
1203 1415 1330 1463 ferro

81 1502 310 1557 tangeret.
384 1493 424 1542 is
460 1495 663 1543 demum
699 1493 870 1542 sceleri
905 1495 1085 1542 modus
1102 1513 1115 1555 3
1164 1511 1249 1543 ora
1284 1494 1481 1559 supinat
1654 1517 1734 1559 ²15

81 1574 290 1624 blandus
324 1576 488 1624 adhuc
524 1574 779 1637 oculisque
814 1583 1028 1623 tremens
1065 1584 1114 1624 et
1150 1592 1399 1626 murmure
1436 1579 1636 1642 Gorgen

79 1654 267 1719 quaerit
302 1665 350 1704 et
385 1655 589 1719 indigno
624 1672 727 1704 non
763 1654 907 1704 solvit
941 1655 1173 1704 bracchia
1208 1659 1352 1706 collo,

79 1751 178 1785 non
215 1752 306 1800 ego
342 1752 475 1784 nunc
510 1735 642 1800 vulgi
677 1752 980 1799 quamquam
1017 1737 1237 1786 crudelia
1271 1740 1488 1801 pandam

78 1816 262 1877 funera,
300 1817 388 1866 sed
423 1816 619 1880 propria
653 1818 814 1865 luctus
850 1818 914 1866 de
951 1816 1100 1880 stirpe
1135 1820 1398 1868 recordor:

8 1891 12 1895 ’
79 1898 214 1960 quod
250 1906 311 1957 te,
349 1899 474 1946 flave
511 1898 702 1960 Cydon,
742 1898 879 1960 quod
914 1906 963 1946 te
998 1914 1085 1960 per
1120 1901 1247 1947 colla
1282 1900 1454 1948 refusis
1655 1922 1735 1950 220

77 1977 330 2038 intactum,
371 1978 605 2037 Crenaee,
644 1977 799 2026 comis
835 1976 1039 2042 (quibus
1075 1979 1229 2028 ubera
1265 1997 1463 2029 mecum

77 2058 435 2121 obliquumque
469 2075 499 2106 a
533 2067 670 2121 patre
704 2058 879 2124 genus)
915 2060 1206 2123 fortemque,
1244 2060 1482 2109 timebam

79 2154 227 2201 quem
262 2139 522 2201 desponsa,
562 2140 703 2201 Gyan
738 2138 840 2187 vidi
875 2141 1063 2202 lapsare
1099 2150 1330 2190 cruentae

78 2220 276 2267 vulnere
314 2218 671 2281 Myrmidones,
707 2221 942 2283 quodque
976 2219 1102 2269 inter
1137 2230 1264 2270 serta
1300 2231 1531 2286 torosque

78 2299 282 2347 barbara
316 2300 570 2348 ludentem
606 2298 826 2348 fodiebat
863 2302 1070 2363 Epopea
1106 2310 1272 2351 mater.
1653 2325 1731 2366 2²5

75 2380 160 2428 flet
194 2395 340 2443 super
373 2396 677 2442 aequaevum
715 2396 850 2429 soror
885 2390 1132 2430 exarmata
1167 2384 1375 2446 Lycaste

51 2510 55 2511 ⁷
131 2519 210 2557 199
237 2507 439 2557 implicito
457 2506 566 2546 NA2
585 2507 813 2549 Heinsius:
846 2509 1046 2561 inplacito
1067 2510 1114 2562 (d
1133 2518 1225 2562 sup.
1249 2517 1265 2550 t
1283 2511 1399 2565 add.)
1419 2512 1486 2551 B:
1515 2513 1731 2564 inplacido

19 2597 22 2600 .
73 2559 197 2611 PQD
213 2561 313 2614 [ΚΞ
325 2562 360 2614 3]
524 2575 602 2611 204
633 2563 737 2602 exiit
755 2563 797 2601 P
955 2577 1036 2603 210
1064 2564 1247 2605 discreta
1274 2565 1316 2604 A
1486 2580 1564 2605 212
1594 2568 1731 2607 incer-

74 2620 226 2665 tusque
246 2615 464 2666 Pn‘sc.NQ
486 2616 553 2665 (ex
580 2617 873 2667 incertumque
897 2618 948 2670 (ἲ)
970 2631 1068 2663 corr.
1090 2619 1191 2670 ΝΩ)
1214 2634 1224 2659 :
1262 2621 1554 2670 incertumque
1577 2622 1615 2674 (s
1635 2629 1725 2673 sup.

72 2680 112 2721 m
132 2668 249 2719 add.)
269 2669 311 2707 B
469 2671 690 2709 vilantibus
714 2672 756 2710 P
782 2671 888 2710 unde
917 2674 1163 2712 nutantibus
1193 2675 1373 2725 conicias,
1397 2676 1445 2724 cfi
1469 2677 1561 2714 216·
1577 2676 1731 2716 oculis-

74 2735 156 2772 que
185 2729 372 2763 tremens
592 2727 780 2775 216-305
809 2727 854 2764 in
874 2725 919 2763 D
941 2732 1068 2777 paene
1091 2728 1276 2767 exstincti
1303 2742 1399 2767 raro
1427 2729 1507 2781 legi
1523 2735 1728 2780 possunt:

73 2777 247 2827 itemque
264 2790 454 2828 312-353
564 2781 644 2817 216
674 2792 750 2829 per
776 2793 987 2819 murmura
1005 2781 1060 2831 N,
1083 2781 1258 2833 Bentley,
1280 2782 1506 2822 Burmann
1650 2797 1728 2835 217

74 2830 250 2924 ingigno
269 2833 395 2872 solvit
415 2845 491 2871 sua
510 2832 679 2872 brachia
697 2833 743 2872 N
927 2847 1004 2885 224
1038 2835 1329 2887 Myrmidones
1348 2837 1391 2876 P
1403 2852 1413 2877 ε
1452 2838 1728 2890 myrmidonis

72 2899 104 2922 ω
