1884 3204
977 99 1389 149 THEBAIDOS
1426 100 1641 149 LIBER
1675 100 1780 148 XII

131 237 211 287 hic
245 246 445 287 tenuem
479 234 626 299 nigris
660 234 931 284 etiamnum
967 236 1193 286 advivere
1228 238 1390 285 lucem

129 316 386 366 roboribus
421 315 599 379 pariter
632 315 844 378 cupidae
879 315 1058 374 videre,
1098 316 1343 378 simulque
1699 334 1780 375 425

128 395 292 445 flebile
324 395 517 458 gavisae
534 413 548 456 3
599 411 693 444 nec
727 396 906 455 adhuc,
945 410 1074 457 quae
1111 396 1267 453 busta,
1307 404 1568 458 repertum,

127 477 216 525 sed
249 474 485 538 placidus,
524 491 890 538 quemcumque
926 484 1110 538 rogant,
1150 474 1380 537 mitisque
1415 475 1631 538 supremi

125 554 352 604 admittat
385 554 561 603 cineris
595 564 878 603 consortem
913 564 963 603 et
999 554 1203 603 misceat
1238 555 1450 602 umbras.
1658 556 1660 558 ’

192 635 324 682 Ecce
359 633 535 682 iterum
570 635 768 682 fratres:
827 633 1011 697 primos
1047 642 1101 682 ut
1137 633 1341 696 contigit
1376 643 1507 681 artus

123 713 247 776 ignis
282 715 420 774 edax,
459 723 701 762 tremuere
735 713 839 777 rogi
875 723 924 762 et
958 731 1116 763 novus
1151 715 1343 762 advena
1379 714 1525 762 busto
1695 734 1777 774 430

55 829 57 831 -
122 793 346 856 pellitur3
395 794 647 842 exundant
682 793 840 843 diviso
875 793 1055 843 vertice
1090 795 1318 862 flammae

121 875 437 937 alternosque
471 873 636 937 apices
672 874 881 937 abrupta
915 876 1025 923 luce
1060 884 1332 922 coruscant.

121 953 332 1016 pallidus
369 954 706 1003 Eumenidum
741 954 893 1004 veluti
927 954 1228 1003 commiserit
1263 954 1387 1017 ignis

120 1034 293 1094 Orcus,
332 1043 538 1097 uterque
574 1034 740 1083 minax
775 1035 951 1098 globus
983 1044 1033 1083 et
1067 1044 1274 1084 conatur
1308 1044 1515 1098 uterque

118 1113 311 1176 longius
328 1133 342 1175 3
391 1114 526 1178 ipsae
562 1114 710 1163 etiam
747 1124 1001 1164 commoto
1036 1116 1257 1178 pondere
1291 1117 1494 1178 paulum
1693 1133 1774 1176 435

117 1208 362 1243 secessere
398 1195 574 1244 trabes.
646 1197 929 1243 conclamat
963 1194 1128 1243 territa
1162 1195 1325 1257 virgo:

119 1276 131 1299 ‘
150 1273 453 1334 Occidimus,
491 1276 785 1338 functasque
821 1292 971 1323 manu
1006 1274 1364 1324 stimulavimus
1399 1274 1506 1323 iras.

115 1353 260 1402 frater
293 1363 395 1403 erat
411 1372 426 1415 ,-
472 1354 582 1417 quis
618 1354 751 1403 enim
786 1371 1013 1403 accessus
1048 1356 1177 1403 ferus
1212 1355 1420 1416 hospitis
1455 1355 1660 1403 umbrae

114 1434 352 1494 pelleret?
400 1451 463 1483 en
499 1434 644 1497 clipei
678 1436 898 1497 fragmen
934 1443 1249 1496 semustaque
1284 1450 1439 1483 nosco

114 1512 324 1576 cingula,
358 1515 503 1562 frater
536 1518 668 1562 erat!
716 1513 940 1562 cernisne
975 1523 1029 1562 ut
1064 1516 1263 1561 flamma
1298 1515 1497 1562 recedat
1688 1534 1770 1575 440

113 1602 468 1656 concurratque
501 1595 705 1642 tamen?
750 1593 921 1642 vivunt
955 1593 1071 1642 odia
1104 1593 1343 1656 improba,
1380 1593 1563 1642 vivunt.

42 1704 44 1707 -
112 1671 181 1719 nil
215 1682 382 1721 actum
420 1673 549 1722 bello
566 1691 580 1733 3
627 1672 803 1733 miseri,
843 1673 912 1722 sic
948 1674 1069 1722 dum
1104 1690 1240 1721 arma
1275 1673 1497 1733 movetis,

111 1752 226 1801 vicit
260 1770 447 1817 nempe*
477 1755 672 1804 Creon!
718 1771 965 1817 nusquam
1001 1753 1098 1802 iam
1135 1770 1300 1816 regna,
1336 1753 1445 1816 quis
1481 1756 1662 1803 ardor?

111 1832 191 1880 cui
225 1833 417 1882 furitis?
451 1836 620 1883 sedate
656 1834 846 1894 minas;
893 1843 1047 1897 tuque
1082 1836 1219 1882 exsul
1254 1834 1439 1897 ubique

110 1929 304 1976 semper
337 1914 480 1977 inops
514 1913 676 1977 aequi,
714 1914 812 1962 iam
847 1917 1000 1963 cede:
1048 1916 1146 1963 hoc
1182 1924 1337 1977 nupta
1371 1924 1608 1977 precatur,
1683 1935 1764 1976 445

111 1994 206 2041 hoc
241 2010 390 2054 soror,
427 2003 513 2042 aut
548 2011 719 2043 saevos
756 1994 950 2043 mediae
984 1994 1239 2043 veniemus
1276 1994 1327 2042 in
1362 1995 1518 2058 ignis!

174 2073 271 2122 Vix
306 2091 375 2132 eaq
414 2091 529 2123 cum
565 2074 756 2123 subitus
791 2091 993 2137 campos
1030 2083 1212 2123 tremor
1245 2077 1442 2138 altaque
1478 2085 1608 2125 tecta

107 2153 302 2217 impulit
335 2154 621 2217 adiuvitque
656 2154 760 2217 rogi
795 2154 1036 2203 discordis
1071 2155 1247 2214 hiatus,

108 2243 156 2282 et
190 2233 390 2296 vigilum
426 2235 620 2282 turbata
654 2234 807 2297 quies,
846 2234 1027 2297 quibus
1063 2235 1168 2298 ipse
1205 2237 1446 2284 malorum

106 2315 322 2376 fingebat
356 2314 615 2362 simulacra
650 2331 826 2378 sopor:
874 2315 968 2363 ruit
1003 2315 1147 2374 ilicet,
1187 2333 1389 2364 omnem
1676 2341 1697 2378 4
1707 2338 1761 2378 50

60 2438 63 2440 a
103 2403 420 2457 prospectum
456 2396 666 2443 lustrans
699 2404 886 2443 armata
918 2395 1149 2459 indagine
1184 2396 1337 2445 miles.

28 2525 32 2530 .
104 2474 214 2522 illos
250 2474 476 2523 instantis
513 2475 675 2523 senior
710 2475 851 2523 timet
886 2492 1014 2523 unus
1031 2494 1044 2536 3
1091 2485 1142 2523 at
1177 2476 1312 2538 ipsae

102 2563 218 2602 ante
251 2571 424 2617 rogum
460 2554 689 2617 saevique
725 2557 888 2619 palam
923 2555 1162 2619 sprevisse
1198 2556 1426 2606 Creontis

156 2686 235 2724 427
264 2686 568 2724 quemcumque
580 2674 621 2712 P
631 2675 803 2724 (confert
812 2674 1009 2726 Postgate
1019 2676 1179 2715 Lucan.
1193 2676 1276 2716 viii.
1298 2679 1376 2726 746
1390 2678 1516 2727 seqq.)
1531 2692 1541 2716 t
1570 2677 1756 2727 quicum-

102 2740 185 2777 que
204 2727 273 2766 ωδ
396 2730 600 2778 mitesque
618 2728 660 2766 P
821 2731 901 2778 428
929 2730 1112 2768 admittit
1131 2729 1172 2767 P
1316 2743 1397 2780 430
1424 2731 1547 2770 busto
1567 2732 1730 2771 PDNS
1746 2747 1755 2772 ε

101 2780 210 2821 busti
229 2781 356 2830 BKQ
477 2793 557 2831 435
587 2789 795 2821 commoto
819 2787 1041 2834 (suprascr.
1059 2783 1239 2833 †mixto)
1263 2783 1307 2822 D
1423 2787 1504 2834 438
1531 2786 1698 2826 umbras
1715 2786 1758 2824 P

103 2847 183 2884 439
208 2836 492 2885 semiustaque
510 2835 552 2873 P
694 2850 771 2886 441
804 2850 886 2875 om.
907 2837 950 2874 P
1089 2839 1170 2885 446
1200 2838 1364 2877 mediae
1386 2851 1467 2878 om.
1490 2840 1534 2878 D
1673 2853 1752 2892 447

102 2893 259 2928 tremor
289 2889 425 2940 obruit
445 2890 609 2939 altaque
629 2889 676 2928 N
859 2903 937 2940 452
965 2896 1007 2929 at
1040 2890 1139 2930 illae
1172 2892 1219 2930 N

153 2953 270 2982 STAT.
294 2955 425 2982 'rx-1213.
1163 2947 1166 2949 ’
1590 2946 1643 2986 22
