1884 3204
101 63 154 112 P.
187 62 450 112 ‘PAPINr
475 62 685 111 STATI

97 202 198 250 fata
230 210 432 263 vetant3
478 210 611 251 ratus
645 202 770 251 ordo
805 201 911 251 deis
945 201 1152 252 miscere
1185 211 1413 252 cruentas

101 285 455 346 Europamque
485 282 764 346 Asiamque
798 300 993 344 manus,
1027 286 1353 348 consultaque
1388 282 1507 375 belli

99 363 323 427 Iuppiter
357 373 407 412 et
441 363 590 412 tristis
624 363 776 413 edixit
811 364 1047 414 caedibus
1082 381 1254 414 annos.

97 460 248 508 quem
283 454 338 494 tu
372 444 471 494 illic
505 453 679 494 natum
713 445 765 494 in
800 446 949 510 Sigeo
979 448 1197 510 pulvere,
1230 455 1416 510 quanta
1818 502 1831 514 a

95 526 341 590 adspicies
375 526 546 576 victrix
582 526 901 591 Phrygiarum
935 529 1107 576 funera
1141 537 1372 588 matrum,
1711 535 1774 590 85:
1823 540 1829 590 ξ

97 624 213 657 cum
249 616 363 656 tuus
400 606 645 657 Aeacides
680 607 851 671 tepido
886 610 1041 657 modo
1077 608 1317 672 sanguine
1352 611 1574 658 Teucros
1815 601 1816 604 “

96 689 369 740 †undabit†
405 706 633 753 cameS„
663 690 818 738 modo
854 705 1017 738 crassa
1052 689 1182 739 exire
1216 689 1404 739 vetabit

96 769 303 819 fiumina
338 779 387 819 et
422 773 678 819 Hectoreo
714 769 928 819 tardabit
961 772 1133 820 funere
1168 788 1336 820 currus

95 852 417 916 impelletque
452 868 604 900 manu
639 860 849 916 nostros,
888 868 1039 915 opera
1073 852 1231 913 inrita,
1270 857 1471 904 muros!
1820 918 1824 922 .

96 935 246 983 Pelea
279 933 378 982 iam
414 933 598 983 desiste
633 932 773 996 queri
808 934 1154 997 thalamosque
1188 933 1437 984 minores:
1680 940 1768 1000 v90
1789 940 1826 999 ἑῇ,

96 1015 309 1064 crederis
345 1014 595 1079 peperisse
632 1013 775 1075 Iovi3
822 1031 917 1063 nec
952 1013 1108 1063 inulta
1143 1015 1336 1064 dolebis
1818 1010 1823 1012 ’

95 1096 419 1160 cognatisque
454 1105 592 1145 utere
626 1094 794 1145 fretis:
841 1095 976 1145 dabo
1011 1097 1183 1145 tollere
1217 1098 1410 1156 fluctus,

94 1195 210 1228 curn
246 1180 453 1227 reduces
491 1176 655 1226 Danai
688 1185 1032 1240 nocturnaque
1067 1176 1205 1241 signa
1241 1178 1528 1241 Caphereus

95 1269 284 1309 exseret
319 1269 368 1309 et
404 1258 567 1308 dirum
601 1258 782 1322 pariter
816 1275 1110 1322 quaeremus
1145 1258 1374 1308 Vlixem.'

165 1342 383 1391 Dixerat.
457 1340 541 1389 illa
574 1340 708 1404 gravi
744 1342 937 1389 vultum
973 1340 1190 1390 demissa
1224 1343 1432 1405 repulsa,
1707 1363 1767 1405 9⁵
1818 1355 1829 1399 ζ

94 1440 222 1486 quae
257 1422 353 1471 iam
391 1420 551 1471 excire
585 1423 764 1471 fretum
801 1431 850 1471 et
883 1421 1070 1471 ratibus
1104 1423 1288 1472 bellare
1321 1422 1527 1487 parabat
1815 1410 1823 1414 “

96 1503 274 1564 Iliacis,
314 1503 437 1553 alios
473 1503 651 1552 iterum
687 1512 974 1552 commenta
1007 1513 1219 1569 paratus,

91 1585 241 1635 tristis
276 1587 341 1634 ad
378 1583 688 1634 Haemonias
724 1585 988 1648 detorquet
1021 1584 1254 1634 bracchia
1287 1593 1451 1635 terras.

93 1676 167 1717 ter
202 1676 382 1716 conata
416 1682 581 1725 manu,
619 1665 867 1729 liquidum
903 1675 976 1715 ter
1009 1666 1258 1729 gressibus
1291 1684 1479 1731 aequor
1815 1727 1820 1731 .

91 1747 305 1813 reppulit
340 1756 390 1796 et
424 1746 592 1795 niveas
627 1745 808 1795 feriunt
843 1748 970 1796 vada
1004 1748 1245 1797 Thessala
1278 1749 1485 1812 plantas.
1682 1769 1761 1798 100

92 1832 337 1879 laetantur
371 1837 568 1878 montes
606 1836 655 1877 et
691 1827 973 1877 conubialia
1007 1829 1236 1892 pandunt
1824 1819 1825 1822 Ἴ

90 1920 233 1960 antra
267 1910 403 1959 sinus
438 1911 636 1972 lateque
672 1910 797 1959 deae
833 1910 1108 1973 Spercheos
1143 1910 1368 1959 abundat

91 1992 267 2042 obvius
304 2001 353 2041 et
388 1990 523 2041 dulci
556 1989 761 2054 vestigia
795 1989 968 2039 circuit
1002 1992 1151 2040 unda.

91 2074 174 2123 illa
209 2073 332 2122 nihil
367 2071 533 2136 gavisa
568 2071 706 2132 lociS,
744 2073 834 2121 sed
869 2081 1055 2136 coepta,
1082 2071 1252 2137 fatigat
1803 2131 1812 2138 η,

91 2165 293 2219 pectore
331 2153 537 2204 consilia
573 2163 622 2202 et
658 2155 829 2203 sollers
864 2153 1048 2217 pietate
1084 2153 1315 2218 magistra
1679 2159 1776 2220 105Ι
1804 2191 1806 2194 ψ

90 2240 387 2302 longaevum
425 2234 647 2287 Chirona
681 2235 817 2299 petit.
890 2232 1071 2285 domus
1107 2237 1262 2286 ardua
1296 2245 1520 2286 montem

145 2372 200 2409 82
230 2370 511 2421 Europaeque
530 2370 743 2421 Asiaeque
758 2370 799 2409 Ε
802 2370 845 2409 Κ
858 2384 868 2410 ι
898 2369 1097 2420 Europae
1111 2374 1240 2420 atque
1252 2369 1442 2421 Asiaque
1457 2370 1497 2422 Q
1576 2371 1677 2411 belli
1694 2371 1734 2412 P
1746 2402 1764 2418 .
1780 2398 1782 2400 v
1799 2346 1815 2409 ⁷ss
1869 2414 1873 2418 ,

89 2425 202 2464 bella
229 2424 298 2463 Eoo
487 2427 540 2475 83
569 2426 725 2465 indixit
753 2426 817 2464 E:
846 2425 980 2464 edixit
1000 2424 1143 2463 tristes
1170 2424 1218 2464 K
1378 2427 1431 2475 84
1462 2430 1606 2465 natum
1628 2425 1756 2477 Sigeo
1799 2420 1823 2474 ‚s

91 2480 135 2518 in
166 2480 339 2531 pulvere
357 2479 487 2531 codd„
511 2494 613 2520 corr.
641 2481 891 2519 Lachmann
915 2479 1057 2528 (Lucr.
1082 2479 1140 2518 iii.
1165 2478 1265 2532 374)
1430 2480 1486 2518 86
1514 2481 1660 2532 tepido
1689 2485 1757 2521 Π·
1803 2478 1805 2482 ”

89 2534 288 2584 trepidos
306 2548 337 2571 ω
380 2550 387 2558 ·
462 2541 469 2545 “
520 2541 692 2574 teucros
719 2539 960 2573 1'1·teucro
989 2549 1020 2572 ω
1279 2535 1332 2583 87
1362 2534 1538 2573 undavit
1564 2533 1634 2574 R·
1623 2535 1754 2586 ·fort.
1795 2570 1798 2571 γ

88 2588 299 2651 turpabit:
330 2594 426 2628 certe
454 2589 629 2628 undabit
645 2590 817 2639 frustra
836 2602 887 2627 ex
909 2586 1054 2628 Claud.
1089 2586 1227 2639 Rus
1216 2589 1258 2628 1i.
1283 2589 1338 2627 68
1357 2588 1561 2637 defendere
1588 2594 1761 2642 tempta·
1783 2624 1801 2630 Α,

88 2644 194 2681 veris
342 2643 395 2681 88
425 2644 610 2682 tardavit
629 2643 732 2683 PLI.
829 2643 1021 2692 pondere
1050 2640 1116 2682 LI.
1270 2645 1325 2693 89
1354 2655 1503 2682 manus
1530 2643 1571 2682 P
1701 2654 1762 2694 91.

91 2697 280 2736 crederis
307 2696 383 2736 PL
412 2702 449 2736 et
474 2703 670 2750 corrector
694 2698 765 2737 K.
809 2697 1042 2736 credideris
1074 2696 1174 2735 Em:
1209 2710 1305 2736 cum
1339 2697 1496 2736 dideris
1526 2697 1589 2746 (in
1619 2698 1760 2738 credi·
1786 2696 1808 2725 ³

90 2751 207 2789 deris
238 2753 356 2802 corr.)
388 2751 508 2790 codex
528 2766 647 2791 meus
787 2764 840 2803 92
871 2751 1151 2801 cognatisque
1179 2750 1245 2791 P:
1275 2751 1467 2802 cognatis
1485 2751 1557 2790 Εω
1788 2755 1812 2799 ζ’.

91 2818 201 2854 quae
221 2807 302 2843 iam
322 2806 393 2855 (ex
412 2807 643 2856 quaedam)
665 2806 708 2845 P
829 2819 882 2856 97
913 2807 1065 2844 iterum
1085 2805 1182 2845 Em:
1212 2806 1354 2845 animo
1377 2808 1457 2858 (τῖε.
1481 2806 1566 2856 Ξῶ)
1587 2804 1761 2857 Pquod
1787 2800 1815 2856 ‘f
1862 2838 1867 2840 >

91 2871 141 2897 ex
161 2860 468 2909 propinquitate
495 2861 606 2900 verbi
633 2861 781 2902 ‘alios'
811 2865 951 2899 ortum
972 2873 1054 2899 esse
1072 2859 1204 2899 iudico
1341 2866 1492 2900 conata
1512 2860 1624 2900 codd.
1655 2859 1751 2902 dett.
1796 2871 1822 2901 2.
1879 2906 1882 2908 ,

89 2914 145 2963 98
174 2920 288 2971 terra
315 2914 358 2952 P
519 2928 574 2965 99
602 2915 783 2967 aequor]
814 2915 897 2953 iter
915 2915 962 2953 E.
