1884 3204
1034 58 1451 108 THEBAIDOS
1490 59 1704 107 LIBER
1742 53 1765 106 Ῑ

106 197 226 246 mira
259 198 438 246 decore
473 196 580 259 pi0s
616 198 840 245 servabat
875 206 990 244 nata
1025 196 1216 260 penatis

103 277 390 327 intemerata
425 275 554 325 toris.
627 276 754 336 felix,
792 275 834 325 si
871 276 1015 325 Delia
1050 291 1323 339 numquam

45 342 50 354 .
104 359 230 407 furta
262 374 355 406 nec
390 358 641 405 occultum
679 356 885 406 Phoebo
922 357 1158 406 sociasset
1191 360 1446 405 amorem!

24 447 26 450 ’
104 454 318 500 namque
353 446 407 484 ut
440 453 584 499 passa
619 438 769 485 deum
807 437 1043 485 Nemeaei
1078 439 1143 486 ad
1179 436 1394 485 fluminis
1430 437 1632 495 undam,
1688 457 1734 496 57
1744 458 1765 497 5

104 517 180 568 bis
214 517 390 580 quinos
426 518 572 580 plena
606 533 720 565 cum
759 519 919 566 fronte
956 526 1225 566 resumeret
1261 516 1394 565 orbis

27 644 48 661 .,
105 597 330 662 Cynthia,
368 597 620 646 sidereum.
652 600 873 646 Latonae
909 599 1008 646 feta
1043 606 1278 661 nepotem
1306 593 1310 596 ’

26 677 27 681 ’
102 679 258 730 edidit
277 696 291 739 3
337 695 396 726 ac
431 694 645 741 poenam
681 687 907 726 metuens
946 677 1131 740 (neque
1167 676 1300 726 enim
1336 677 1418 726 ille
1455 677 1640 726 coactis

27 774 41 787 ³
76 752 334 811 donasset
367 758 594 807 thalamis
630 757 825 807 veniam
861 759 1018 823 pater)
1053 758 1164 806 avia
1198 775 1307 806 rura

63 896 66 899 ,
101 840 233 905 eligit
266 856 325 888 ac
360 848 531 887 natum
567 848 737 902 saepta
771 840 897 888 inter
932 839 1079 888 ovilia
1113 838 1278 887 furtim
1687 847 1766 899 580

103 921 384 984 montivago
420 920 610 983 pecoris
646 920 842 969 custodi
879 922 1084 969 mandat
1117 921 1367 968 alendum.

102 1019 203 1052 non
238 1001 328 1050 tibi
363 1001 525 1063 digna,
565 1017 699 1064 puer,
738 1001 928 1064 generis
966 1001 1214 1050 cunabula
1249 999 1372 1048 tanti

44 1107 46 1109 ’
99 1083 375 1148 gramineos
411 1082 550 1131 dedit
586 1082 739 1130 herba
774 1091 907 1130 toros
945 1091 994 1131 et
1029 1081 1212 1131 vimine
1249 1097 1438 1144 querno

100 1173 231 1213 texta
265 1165 478 1223 domus;
527 1165 694 1212 clausa
727 1163 918 1212 arbutei
954 1164 1048 1212 sub
1084 1162 1265 1211 cortice
1303 1161 1413 1210 libri

101 1244 323 1293 membra
357 1253 540 1306 tepent,
578 1245 853 1307 suadetque
889 1244 1007 1293 levis
1044 1260 1164 1292 cava
1198 1244 1362 1291 fistula
1396 1259 1613 1301 somnos,
1684 1252 1762 1302 585

99 1335 148 1374 et
183 1324 348 1388 pecori
384 1341 651 1373 commune
687 1327 862 1373 solum.
934 1326 1024 1374 sed
1060 1327 1159 1373 fata
1195 1341 1287 1372 nec
1323 1323 1462 1371 illum

99 1422 386 1454 concessere
423 1407 610 1466 larem3
658 1405 800 1454 viridi
835 1422 951 1454 narn
988 1405 1204 1468 caespite
1240 1414 1395 1452 terrae

98 1485 369 1550 proiectum
408 1495 591 1535 temere
627 1495 676 1535 et
708 1489 878 1550 patulo
913 1489 1106 1535 caelum
1142 1502 1227 1535 ore
1263 1486 1540 1534 trahentem

99 1566 205 1615 dira
238 1583 418 1615 canum
453 1566 612 1615 rabies
649 1584 814 1615 morsu
850 1569 1057 1629 depasta
1091 1575 1297 1615 cruento

99 1647 297 1698 dissicit.
370 1647 451 1696 hic
486 1665 602 1696 vero
636 1648 869 1697 attonitas
906 1658 959 1697 ut
995 1648 1197 1696 nuntius
1233 1646 1363 1695 auris
1683 1667 1765 1707 590

100 1729 264 1778 matris
299 1728 416 1788 adit,
454 1729 583 1792 pulsi
617 1747 678 1778 ex
711 1729 879 1779 animo
914 1729 1205 1793 genitorque
1240 1729 1502 1792 pudorque

99 1821 148 1859 et
184 1819 375 1859 metus:
422 1810 530 1873 ipsa
564 1813 691 1859 ultro
727 1811 882 1859 saevis
918 1810 1235 1874 plangoribus
1267 1801 1460 1858 amens⁴

99 1902 228 1942 tecta
262 1894 428 1955 replet,
467 1909 779 1954 vacuumque
815 1894 974 1941 ferens
1010 1891 1253 1940 velamine
1287 1899 1461 1954 pectus

98 1972 307 2022 occurrit
343 1974 568 2021 confessa
601 1972 759 2036 patri;
811 1990 904 2022 nec
939 1982 1104 2022 motus
1140 1981 1188 2020 et
1223 1981 1328 2020 atro

99 2054 306 2117 imperat
341 2052 620 2117 (infandum
645 2057 677 2116 l)
713 2054 995 2117 cupientem
1031 2054 1328 2102 occumbere
1362 2053 1475 2100 leto.
1684 2071 1761 2112 595

100 2151 208 2183 sero
244 2151 434 2183 memor
468 2134 671 2182 thalami
706 2144 923 2184 maestae
958 2134 1141 2184 solacia
1176 2133 1334 2193 morti,

103 2215 318 2274 Phoebe,
357 2232 497 2278 paras
534 2225 810 2264 monstrum
846 2215 1061 2264 infandis
1098 2217 1382 2263 Acheronte
1418 2213 1511 2261 sub
1547 2212 1649 2262 imo

99 2305 395 2358 conceptum
435 2296 770 2345 Eumenidum
808 2296 1052 2357 thalamis,
1088 2295 1168 2344 cui
1205 2294 1401 2358 virginis
1437 2310 1523 2342 ora

98 2385 430 2439 pectoraque3
482 2386 734 2425 aeternum
772 2377 982 2425 stridens
1018 2394 1047 2425 a
1081 2376 1262 2426 vertice
1298 2374 1448 2438 surgit

57 2506 62 2507 ⁷
98 2467 146 2506 et
180 2457 504 2520 ferrugineam
539 2459 751 2506 frontem
788 2458 1093 2507 discriminat
1127 2457 1313 2521 anguis.
1680 2462 1763 2504 600

26 2593 29 2595 Α
98 2541 220 2588 haec
256 2548 360 2587 tum
397 2538 502 2588 dira
537 2541 642 2587 lues
679 2549 924 2588 nocturno
961 2539 1186 2602 squalida
1220 2555 1368 2602 passu

129 2671 131 2673 ’
152 2681 231 2718 572
261 2669 332 2719 pio
352 2667 484 2720 codd„
499 2682 596 2709 corr.
616 2669 783 2719 Bentley
802 2685 809 2710 z
838 2670 953 2709 Lact.
976 2682 1054 2708 suo
1074 2668 1216 2720 legisse
1233 2668 1471 2720 suspzkatur
1484 2667 1589 2706 Ellis
1682 2680 1762 2717 575

99 2724 238 2762 nemei
264 2722 428 2762 PDKS
444 2737 454 2762 t
491 2724 660 2763 nemaei
688 2724 770 2774 BQ
962 2736 1041 2774 577
1072 2724 1215 2762 latona
1245 2723 1287 2762 P
1466 2723 1548 2773 578
1576 2734 1761 2771 poenam

97 2778 337 2818 Baehrens:
372 2791 511 2827 poena
538 2778 604 2817 P:
634 2792 795 2828 poenae
815 2778 885 2817 ωδ
993 2780 1074 2828 583
1112 2784 1230 2816 toros
1258 2778 1335 2816 sed
1363 2777 1405 2815 P
1528 2777 1607 2826 587
1639 2777 1761 2815 viridi

97 2831 176 2883 ΡΩ
199 2831 296 2872 Cod.
319 2832 465 2882 Magd.
492 2846 544 2871 σε
573 2834 720 2872 viridis
738 2833 871 2872 BDK
1050 2846 1132 2882 590
1161 2832 1325 2871 dissicit
1349 2831 1479 2881 BQK
1492 2845 1501 2870 :
1530 2832 1672 2870 disicit
1690 2830 1764 2870 D:

97 2887 272 2926 dissicet
287 2886 352 2925 P:
382 2887 545 2926 discicit
563 2886 600 2926 S
734 2899 814 2938 592
845 2893 887 2926 et
906 2893 1046 2927 metus
1070 2890 1084 2909 '⁴
1101 2887 1212 2926 ultro
1230 2890 1243 2906 ''
1268 2888 1360 2937 ipsa
1380 2886 1423 2924 P
1559 2888 1703 2939 mestis
1722 2886 1765 2924 P

98 2943 183 2992 596
210 2942 334 2980 morti
354 2940 529 2990 †matris
549 2941 581 2993 (2
595 2942 738 2994 matri)
770 2942 813 2980 D
832 2956 841 2982 :
871 2943 1019 2982 mortis
1038 2941 1224 2981 Priscian
