1884 3204
941 144 1353 195 THEBAIDOS
1391 145 1607 195 LIBER
1640 147 1688 193 X

68 283 181 331 lana
214 284 348 332 velut
382 291 508 332 terra
542 290 702 332 certus
738 281 941 345 vestigia
976 282 1105 345 figat,

84 361 193 411 ndit
228 371 276 412 et
310 362 497 427 ingenti
531 362 663 411 subit
698 370 984 410 occurrente
1019 361 1190 412 ruina:

69 441 198 491 mnis
233 452 287 492 ut
321 442 615 491 incumbens
652 441 877 505 longaevi
911 442 1089 491 robora
1123 441 1290 504 pontis

65 523 245 573 ssiduis
281 532 535 588 oppugnat
567 523 745 586 aquis3
790 522 888 571 iam
923 539 1039 571 saxa
1072 522 1306 572 fatiscunt
1346 544 1349 547 ·
1611 528 1692 584 865

64 613 327 668 motaeque
362 605 556 653 trabes:
603 613 742 652 tanto
776 603 1035 653 violentior
1068 603 1150 652 ille
1305 609 1310 612 '

34 684 205 735 ‘sentit
240 684 394 750 enim)
429 683 613 733 maiore
648 686 751 733 salo
787 692 1085 747 quassatque
1120 682 1365 746 trahitque

34 763 38 826 f
78 767 218 835 'olem
252 782 461 829 aegram,
499 782 653 814 nexus
689 766 851 814 donec
886 767 1015 814 celer
1048 766 1215 814 alveus
1251 763 1413 814 omnis

11 846 248 901 „abscidit
282 855 331 894 et
365 863 510 894 cursu
545 845 701 894 victor
735 845 938 909 respirat
971 854 1156 909 aperto.

5 917 192 996 ''ssgutque
227 926 382 990 petita
416 926 502 976 diu
538 928 697 975 celsus
733 926 925 989 fastigia
959 943 1106 990 supra
1616 935 1697 987 870

0 1022 5 1059 Ι
35 1007 244 1059 eminuit
279 1006 622 1071 trepidamque
656 1024 914 1071 assurgens
951 1009 1162 1071 desuper
1197 1008 1372 1056 urbem

35 1088 160 1138 vidit
195 1097 244 1137 et
279 1087 466 1151 ingenti
502 1088 703 1137 Thebas
740 1088 970 1137 exterruit
1005 1089 1194 1148 umbra,

35 1168 256 1232 increpat
290 1168 526 1218 attonitos
561 1171 575 1194 ‘
596 1171 776 1218 Haene
811 1169 923 1218 illae
957 1168 1257 1231 Amphionis
1293 1171 1465 1219 arces?

35 1267 127 1316 pro
161 1251 353 1314 pudor!
400 1249 452 1297 hi
487 1249 654 1298 faciles
689 1263 988 1312 carmenque
1022 1249 1223 1298 imbelle
1258 1249 1427 1309 secuti,

37 1329 91 1378 hi
125 1329 331 1378 mentita
365 1315 450 1379 diu
486 1331 773 1378 Thebarum
809 1330 976 1378 fabula
1010 1329 1172 1378 muri?
1619 1341 1697 1390 875

38 1419 90 1460 et
122 1409 245 1473 quid
279 1419 380 1459 tarn
416 1409 663 1473 egregium
700 1419 1006 1473 prosternere
1042 1409 1240 1458 moenia
1275 1409 1413 1458 molli

37 1500 224 1541 structa
257 1492 423 1554 lyra?'
459 1490 607 1539 simul
642 1490 883 1539 insultans
918 1507 1187 1554 gressuque
1222 1507 1475 1554 manuque

40 1572 254 1622 molibus
289 1571 530 1621 obstantis
565 1588 750 1621 cuneos
787 1572 1105 1635 tabulataque
1141 1588 1314 1621 saevus

40 1653 264 1704 restruit:
310 1652 544 1702 absiliunt
578 1662 771 1716 pontes,
809 1653 1026 1716 tectique
1061 1653 1330 1716 prementis

41 1750 187 1784 saxea
219 1736 356 1783 frena
389 1734 571 1793 labant,
609 1733 960 1797 dissaeptoque
994 1750 1169 1798 aggere
1204 1751 1368 1783 rursus
1621 1744 1701 1783 880

0 1876 1 1882 ἵ
42 1815 193 1866 utitur
226 1823 275 1864 et
309 1823 506 1864 truncas
541 1814 674 1877 rupis
709 1814 761 1862 in
796 1817 982 1878 templa
1016 1817 1295 1878 domosque

0 1888 328 1961 “praecipitat
362 1895 637 1959 frangitque
674 1895 773 1944 suis
809 1895 907 1944 iam
943 1895 1205 1945 moenibus
1241 1897 1428 1945 urbem.

111 1979 319 2039 Iamque
356 1979 527 2026 Iovem
563 1976 691 2025 circa
726 1976 899 2025 studiis
935 1976 1127 2025 diversa
1159 1978 1435 2026 fremebant

45 2056 263 2121 Argolici
297 2057 531 2120 Tyriique
566 2057 648 2107 dei
666 2075 679 2118 3
725 2067 863 2121 pater
897 2074 1085 2120 aequus
1121 2058 1341 2121 utrisque

43 2138 255 2202 adspicit
288 2138 499 2202 ingentis
532 2140 792 2187 ardentum
829 2139 1108 2188 comminus
1142 2139 1235 2187 iras
1623 2150 1702 2199 885

47 2236 199 2283 seque
234 2220 429 2268 obstare
463 2219 609 2268 videt.
681 2219 832 2282 gemit
867 2220 1143 2269 inservante
1178 2237 1390 2270 noverca

48 2300 197 2349 Liber
231 2309 280 2349 et
314 2300 518 2364 obliquo
553 2310 833 2364 respectans
868 2301 1054 2351 lumine
1089 2311 1277 2365 patrem

56 2383 132 2431 ‘N
136 2398 234 2430 unc
269 2381 355 2430 ubi
390 2398 534 2431 saeva
569 2399 757 2442 manu5,
797 2399 1006 2446 meaque
1040 2384 1139 2432 heu
1176 2383 1422 2432 cunabula
1457 2385 1698 2443 flammae,

69 2529 74 2530 ⁷
101 2511 180 2549 862
210 2509 335 2561 plena
369 2510 461 2549 DN
618 2513 699 2561 863
727 2511 864 2550 subito
899 2510 941 2549 P
1101 2513 1180 2561 867
1209 2512 1340 2551 sentit
1373 2511 1436 2551 P:
1480 2511 1613 2552 saevit
1645 2513 1698 2563 N,

37 2564 280 2620 'interpunxz
319 2565 565 2604 Kohlmann
748 2567 828 2615 870
849 2565 1007 2617 celsus]
1029 2565 1165 2605 bellus
1183 2567 1224 2605 A
1420 2569 1496 2615 871
1530 2567 1704 2615 eminuit

47 2620 93 2667 (c
111 2625 204 2669 sup.
228 2631 253 2655 n
275 2621 371 2669 scr.)
393 2619 463 2658 D:
493 2620 666 2669 eminuit
689 2620 797 2672 (—ou-
816 2626 906 2670 sup.
930 2620 1009 2658 -in-
1029 2623 1127 2670 scr.)
1150 2620 1188 2669 Q
1333 2622 1412 2669 873
1442 2622 1578 2659 haene
1608 2622 1703 2659 illae

46 2670 126 2724 ΙΨ,
158 2673 271 2723 quod
302 2673 438 2712 Barth
467 2687 509 2711 se
540 2675 583 2712 in
621 2674 723 2725 ‘opt.
754 2674 852 2713 cod!
888 2674 1089 2713 invenisse
1119 2679 1297 2713 testatur
1330 2679 1367 2712 et
1390 2675 1507 2725 prob.
1536 2675 1706 2725 Bentley

44 2724 283 2768 humilesne
305 2741 313 2765 :
342 2727 451 2765 Paes
558 2730 636 2777 875
668 2728 727 2766 Hi
746 2728 856 2766 KN:
885 2728 909 2767 h
926 2728 992 2766 P:
1022 2734 1064 2766 et
1077 2728 1159 2778 BQ
1267 2731 1347 2778 876
1374 2729 1498 2767 estK
1603 2731 1704 2779 quid

46 2784 134 2829 tam
157 2780 351 2829 Bentley:
394 2782 592 2831 quidnam
629 2782 776 2831 (quidil
813 2782 880 2833 K)
911 2781 1020 2820 PwS
1191 2784 1271 2832 879
1310 2783 1499 2822 Restruit
1532 2782 1705 2832 PQSB¹

45 2834 112 2879 {fn
136 2836 333 2874 -destruit
369 2849 468 2875 corr.
501 2835 592 2887 Bl),
622 2837 669 2884 cs.
700 2848 777 2886 527
814 2837 1028 2875 remoliri:
1095 2837 1379 2877 DestruitK:
1438 2837 1630 2877 Detrahit
1663 2838 1711 2876 N

48 2886 228 2938 lectique
244 2888 286 2926 P
426 2892 657 2939 prementis
676 2890 716 2927 P
736 2904 744 2928 :
774 2891 995 2929 trementis
1014 2890 1083 2928 ms
1245 2892 1325 2934 881>
1355 2904 1482 2941 rupes
1505 2891 1567 2943 in]
1590 2893 1706 2930 rudis

48 2941 161 2983 inter
186 2942 227 2980 P
333 2943 414 2982 886
442 2944 689 2984 inservante
708 2943 795 2983 ΡΝ
809 2959 818 2983 :
847 2945 1073 2984 infestante
1093 2944 1135 2983 Β
1163 2943 1339 2999 (marg.)
1359 2945 1443 2997 KQ
1464 2960 1472 2984 :
1502 2946 1703 2986 infestare

49 3006 272 3038 novercam
289 2996 376 3036 DA
1521 3001 1595 3039 19*
