1884 3204
884 82 1295 132 THEBAIDOS
1331 84 1546 133 LIBER
1579 86 1713 135 VIII

17 215 22 328 ἰ
133 218 275 280 Quae
307 215 396 267 tibi
430 225 547 266 tunc
580 215 743 277 facies,
779 224 1044 280 postquam
1079 218 1315 281 permissa
1348 221 1580 283 gemendi

0 327 22 379 κ,
66 297 238 362 copia!
295 296 380 361 qui
414 298 556 346 fletus
591 295 743 359 galeis
777 297 1000 346 cecidere
1036 298 1243 347 solutis!

0 375 7 435 s
63 376 133 427 nil
165 375 362 427 solitum
397 377 551 425 fessos
586 375 720 425 iuvat
736 394 751 437 ;
795 375 1021 426 abiecere
1057 378 1316 439 madentis,

0 475 3 512 ι
62 455 188 508 sicut
221 465 369 516 erant,
407 455 610 519 clipeos,
644 472 737 505 nec
772 455 1034 520 quisquam
1070 456 1260 520 spicula
1296 458 1432 508 tersit
1635 466 1711 519 165

0 576 1 581 ,
60 552 154 589 nec
186 535 402 586 laudavit
436 551 620 599 equum
657 535 842 586 nitidae
876 553 970 586 nec
1005 537 1209 587 cassidis
1243 540 1394 608 altam

0 661 3 668 .
60 615 269 680 compsit
301 615 655 680 adornavitque
689 616 888 678 iubam3
934 617 1014 666 vix
1049 634 1227 682 magna
1261 621 1422 669 lavare

59 697 257 755 vulnera
291 704 339 744 et
373 695 580 744 efflantis
615 696 736 746 libet
770 695 1094 747 internectere
1128 700 1330 762 plagas:

0 782 2 799 ²
57 778 220 823 tantus
255 771 438 836 ubique
473 774 627 823 dolor.
698 790 894 823 mensas
929 774 1262 839 alimentaque
1297 775 1429 826 bello

0 871 6 908 1,
57 852 225 904 debita
257 869 349 902 nec
384 870 578 917 pugnae
612 853 765 903 suasit
799 854 974 904 timor:
1031 855 1200 905 omnia
1234 858 1424 919 laudeS,
1615 874 1710 918 :170

0 947 5 962 ³
55 931 367 996 Amphiarae,
405 941 512 983 tuas
547 935 859 999 fecundaque
893 944 1093 999 pectora
1126 935 1227 986 veri

56 1022 446 1063 commemorant
481 1013 706 1075 lacrimis,
745 1024 794 1064 et
827 1031 916 1079 per
948 1016 1159 1066 tentoria
1194 1033 1358 1067 sermo

55 1107 212 1142 unus:
257 1093 418 1143 abisse
452 1096 575 1144 deos
611 1095 899 1159 dilapsaque
933 1096 1139 1146 numina
1174 1097 1357 1147 castris.

53 1175 68 1201 ‘
89 1175 208 1224 Heu
242 1175 329 1224 ubi
363 1175 585 1240 laurigeri
620 1194 788 1227 currus
824 1179 1181 1242 sollemniaque
1216 1194 1352 1228 arma

0 1306 2 1317 ‚
53 1262 103 1304 et
134 1256 301 1318 galeae
334 1256 533 1305 vittatus
567 1259 729 1320 apex?
774 1259 897 1307 haec
931 1267 1071 1307 antra
1105 1261 1340 1322 lacusque
1631 1275 1705 1322 175

0 1361 3 1379 :
54 1333 255 1395 Castalii
282 1334 631 1399 tripodumque
666 1338 836 1387 fides?
881 1338 953 1387 sic
985 1347 1149 1402 gratus
1184 1341 1406 1402 Apollo?

53 1414 162 1478 quis
197 1413 322 1463 mihi·
351 1415 567 1465 sidereos
602 1418 767 1480 lapsus
802 1427 1121 1481 mentemque
1156 1418 1337 1468 sinistri

51 1495 262 1559 fulguris,
299 1504 384 1544 aut
418 1496 571 1545 caesis
607 1497 747 1546 saliat
782 1500 918 1561 quod
954 1515 1140 1547 numen
1175 1498 1227 1548 in
1263 1499 1400 1560 extis,

51 1576 252 1640 quando
286 1575 388 1636 iter,
426 1578 561 1626 unde
597 1594 776 1637 morae,
815 1595 943 1642 quae
979 1579 1135 1628 saevis
1171 1579 1302 1628 utilis
1338 1579 1499 1641 armis,

50 1668 176 1719 quae
210 1673 383 1720 pacem
418 1657 572 1720 magis
607 1659 729 1708 hora
761 1659 918 1708 velit?
961 1659 1071 1723 quis
1106 1659 1204 1709 iam
1242 1677 1392 1711 omne
1426 1663 1646 1711 futurum

48 1737 272 1800 proferet,
309 1745 393 1785 aut
427 1753 542 1786 cum
577 1754 678 1802 quo
713 1741 935 1789 volucres
971 1756 1083 1789 mea
1117 1742 1216 1789 fata
1250 1743 1552 1805 loquentur?
1626 1752 1700 1792 181

48 1816 140 1866 hos
175 1832 373 1880 quoque
409 1818 650 1866 bellorum
685 1835 828 1868 casus
863 1820 1109 1884 nobisque
1144 1820 1334 1885 tibique

24 1887 355 1960 praescieras,
393 1905 442 1946 et
478 1896 684 1962 (quanta
719 1916 858 1948 sacro
894 1901 987 1949 sub
1022 1909 1222 1964 pectore
1257 1901 1407 1951 virtus
1432 1901 1465 1967 1)

48 1975 223 2025 venisti
256 1985 422 2025 tamen
457 1986 506 2026 et
541 1977 729 2027 miseris
764 1995 932 2029 comes
967 1980 1165 2029 additus
1200 1981 1362 2031 armis,

48 2063 98 2104 et
131 2072 245 2105 cum
280 2065 329 2105 te
363 2058 505 2106 tellus
541 2058 797 2122 fatalisque
831 2061 952 2109 hora
987 2070 1197 2121 vocaret,
1625 2074 1700 2127 185

48 2144 102 2186 tu
135 2136 306 2200 Tyrias
340 2136 470 2186 acies
504 2155 772 2202 aversaque
807 2139 946 2203 signa
979 2141 1162 2190 vacasti

46 2224 295 2278 sternere3
340 2225 460 2266 tunc
495 2218 642 2267 etiam
679 2220 844 2269 media
878 2222 943 2271 de
978 2230 1136 2272 morte
1171 2221 1450 2272 timendum

46 2294 270 2345 hostibus
303 2295 578 2361 infestaque
611 2299 878 2348 abeuntem
912 2299 1126 2350 vidimus
1161 2303 1314 2351 hasta.

45 2383 95 2424 et
127 2392 261 2425 nunc
295 2385 344 2426 te
379 2377 488 2440 quis
524 2394 665 2427 casus
701 2380 851 2429 habet
869 2382 892 2429 Ρ
937 2381 1185 2444 poterisne
1219 2382 1393 2433 reverti

0 2434 3 2518 Ι
43 2454 244 2508 sedibus
278 2473 308 2504 a
342 2457 518 2521 Stygiis
552 2460 748 2523 altaque
783 2477 1038 2525 erumpere
1072 2465 1235 2512 terra?
1619 2486 1696 2530 190

0 2583 2 2631 ξ
33 2594 35 2596 ’
99 2583 175 2632 164
202 2584 308 2623 nihil
327 2583 371 2623 P
523 2588 598 2635 165
626 2587 806 2626 torsitA
962 2590 1148 2640 167-168
1175 2594 1332 2643 transp.
1350 2591 1394 2630 P
1546 2596 1624 2635 168
1651 2602 1695 2637 et

0 2653 1 2698 j
40 2647 124 2679 om.
146 2635 190 2675 P
390 2650 463 2688 171
491 2638 724 2703 Amphiare
744 2641 838 2681 ΡΞ1
1000 2644 1115 2683 veris
1134 2646 1176 2685 A
1386 2659 1464 2697 174
1490 2647 1597 2689 heus
1615 2649 1701 2689 PB.

45 2699 120 2743 175
147 2690 252 2730 haec
275 2690 370 2732 cod.
389 2692 532 2745 Magd.
555 2699 594 2733 et
609 2708 708 2757 cogn.
731 2695 864 2744 Queck
884 2710 894 2736 ε
922 2696 1002 2737 hoc
1021 2697 1091 2737 ωδ
1215 2700 1294 2739 186
1319 2713 1551 2752 aversaque
1569 2702 1664 2743 PS¹
1682 2717 1693 2744 τ

41 2743 301 2837 :ld-versaque
318 2762 349 2786 ω
509 2755 673 2788 vocastr
691 2749 774 2800 ΝΩ
791 2756 829 2790 et
844 2757 1047 2803 suprascr.
1068 2751 1114 2792 D
1337 2766 1415 2805 190
1442 2756 1609 2807 altaque
1626 2757 1688 2797 P:

83 2810 203 2848 laque
221 2814 252 2838 ω
