1884 3204
132 84 184 131 P.·
226 84 468 132 ΡΑΡΙΝΙ
505 85 713 134 STATI

196 219 338 268 Talia
371 220 644 270 vociferans
679 231 880 271 noctem
915 223 1220 284 exturbabat,
1258 240 1474 287 eumque

128 317 231 350 non
267 318 408 351 secus
443 302 640 351 accensi
674 319 915 367 proceres,
954 321 1105 368 quam
1140 304 1181 353 si
1216 304 1449 354 omnibus
1484 303 1617 354 idem
1713 305 1833 356 220'„¹

129 384 279 432 corde
314 385 452 444 deus,
490 385 696 447 flagrant
730 385 954 434 comitari
989 395 1038 435 et
1072 386 1273 450 iungere
1308 402 1464 435 casus
1819 379 1823 381 ⁵

129 473 201 512 ter
236 465 394 513 denos
429 482 650 526 numero,
689 475 959 515 turmarum
995 468 1186 527 robora,
1223 466 1383 516 iussus

129 544 233 607 ipse
269 545 385 609 legit
406 564 419 606 3
465 546 594 595 circa
627 546 790 596 fremit
824 547 1079 611 indignata
1111 548 1340 597 iuventus

129 635 303 686 cetera,
343 644 429 676 cur
464 638 698 677 maneant
733 628 902 678 castris
937 628 1212 692 ignavaque
1247 638 1441 678 servent
1723 691 1725 694 Α
1786 684 1788 686 ,

129 708 258 756 otia:
305 725 417 771 pars
453 708 664 758 sublime
698 726 868 772 genus,
906 726 1017 773 pars
1053 711 1182 759 facta
1217 727 1432 769 suorum,
1714 728 1792 772 ²25
1819 707 1838 771 ⁵.-

130 804 239 851 pars
276 805 377 849 sua,
416 798 599 838 sortem
634 789 717 838 alii
752 792 982 850 clamant,
1020 799 1203 840 sortem
1239 790 1461 854 undique
1498 799 1725 854 poscunt.
1787 814 1790 816 ·

127 870 311 932 gaudet
345 869 396 918 in
431 871 648 919 adversis
683 869 952 933 animoque
985 870 1193 934 assurgit
1227 873 1483 921 Adrastus.

129 950 308 999 vertice
343 949 414 999 sic
451 952 665 999 Pholoes
700 951 958 999 volucrum
994 951 1203 1000 nutritor
1237 969 1493 1015 equorum,

129 1048 244 1079 cum
279 1033 437 1080 fetura
469 1048 666 1095 gregem
703 1048 944 1095 pecoroso
978 1049 1091 1082 vere
1126 1032 1338 1093 novavit,
1827 1086 1837 1096 „

128 1115 335 1161 laetatur
369 1130 576 1162 cernens
612 1114 704 1161 hos
741 1113 925 1162 montis
960 1113 1012 1162 in
1047 1116 1202 1164 ardua
1236 1114 1340 1175 niti,
1388 1162 1391 1164 ,
1717 1133 1796 1174 230
1820 1115 1836 1147 ’-

130 1195 220 1242 hos
256 1193 427 1243 innare
462 1193 615 1255 vadis,
654 1203 839 1244 certare
874 1194 1161 1259 parentibus
1197 1195 1337 1257 illos;
1635 1190 1637 1192 ’
1839 1187 1841 1190 ’

129 1284 248 1324 ωηο
284 1292 441 1324 vacuo
477 1276 571 1325 sub
606 1277 757 1325 corde
793 1286 975 1338 movet,
1013 1276 1100 1340 qui
1135 1279 1285 1327 molle
1320 1276 1561 1327 domandi

128 1359 251 1406 ferre
286 1357 470 1421 iugum,
509 1357 596 1421 qui
631 1367 765 1421 terga
799 1357 934 1418 boni,
974 1358 1084 1422 quis
1119 1358 1171 1407 in
1205 1376 1343 1408 arma
1377 1359 1623 1422 tubasque

129 1447 287 1499 natus,
325 1440 390 1488 ad
428 1441 573 1488 Eleas
610 1429 783 1488 melior
818 1439 928 1503 quis
964 1456 1160 1503 surgere
1194 1442 1414 1503 palmas:
1830 1491 1832 1498 ,

129 1519 237 1569 talis
273 1529 375 1569 erat
410 1530 600 1570 turmae
636 1522 814 1570 ductor
847 1523 1116 1584 longaevus
1153 1521 1386 1570 Achivae.
1720 1534 1805 1580 235*
1834 1562 1836 1567 ,

129 1618 223 1650 nec
258 1603 398 1651 deest
433 1601 673 1666 inceptis:
724 1603 898 1651 ‘Vnde
933 1604 1056 1651 haec
1092 1611 1194 1651 tarn
1230 1619 1336 1651 sera
1371 1610 1574 1666 repente

128 1682 370 1731 numina?
416 1682 503 1746 qui
537 1684 716 1732 fractos
752 1682 915 1747 superi
950 1682 1161 1732 rediistis
1195 1685 1260 1733 ad
1297 1685 1492 1747 Argos?

128 1773 268 1813 estne
303 1764 384 1813 hic
420 1764 588 1813 infelix
621 1763 810 1813 virtus?
854 1763 1089 1828 gentique
1124 1774 1370 1828 superstes

128 1845 326 1909 sanguis
362 1854 412 1895 et
446 1845 497 1894 in
534 1844 723 1894 miseris
757 1844 1037 1894 animorum
1073 1845 1263 1895 semina
1296 1848 1511 1896 durant?
1774 1895 1778 1897 a

129 1928 279 1976 laudo
315 1926 565 1990 equidem,
604 1925 783 1990 egregii
818 1925 1038 1988 iuvenes,
1073 1928 1378 1990 pulchraque
1414 1944 1638 1976 meorum
1719 1947 1800 1997 24q
1838 1934 1847 1983 ζ

129 2007 374 2058 seditione
409 2010 576 2069 fruor3
622 2010 711 2057 sed
746 2009 971 2058 fraudem
1007 2017 1056 2058 et
1092 2017 1264 2072 operta
1297 2025 1527 2073 paramus
1841 1997 1843 2002 ‚

128 2089 326 2154 proelia,
366 2089 562 2140 celandi
598 2098 792 2139 motus:
839 2106 1114 2154 numquam
1149 2099 1266 2154 apta
1299 2090 1471 2140 latenti

128 2172 271 2220 turba
306 2173 439 2221 dolo.
511 2181 700 2221 servate
733 2170 942 2232 animos,
979 2171 1115 2221 venit
1149 2173 1278 2221 ultor
1310 2170 1363 2220 in
1397 2170 1553 2220 hostis

127 2270 244 2303 ecce
281 2252 386 2302 dies
404 2272 418 2314 3
463 2262 583 2302 tunc
617 2270 754 2302 arma
787 2254 966 2317 palam,
1004 2261 1123 2302 tunc
1157 2252 1340 2302 ibimus
1375 2254 1581 2303 omnes.'

127 2333 202 2383 his
239 2335 443 2384 tandem
479 2333 630 2383 virtus
666 2333 902 2383 iuvenum
936 2335 1125 2383 frenata
1159 2333 1375 2398 quievit:
1717 2354 1792 2397 245
1828 2334 1868 2351 ”“

128 2432 230 2464 non
265 2414 405 2465 aliter
440 2424 578 2464 moto
613 2432 765 2479 quam
801 2415 842 2464 si
876 2424 1016 2479 pater
1048 2417 1237 2465 Aeolus
1271 2425 1413 2465 antro
1834 2408 1838 2409 ⁷

128 2506 321 2560 portam
357 2496 535 2546 iterum
571 2514 688 2546 saxo
722 2506 914 2561 premat
949 2495 1241 2561 imperiosus
1277 2507 1327 2547 et
1362 2515 1512 2547 omne

128 2580 327 2628 claudat
362 2577 464 2639 iter,
503 2577 602 2627 iam
638 2578 736 2627 iam
773 2578 1085 2642 sperantibus
1120 2595 1337 2643 aequora
1370 2578 1542 2628 ventis.

183 2722 264 2759 219
292 2720 476 2759 eumque
495 2706 580 2746 ΡΙ)
601 2722 610 2747 :
639 2713 824 2758 euntque
842 2706 1050 2758 BKNQS
1224 2720 1301 2747 221
1332 2709 1461 2748 corde
1491 2708 1595 2748 deus
1616 2709 1731 2750 idem
1749 2710 1789 2751 ss.

127 2762 172 2802 P
334 2776 415 2813 229
443 2775 536 2802 cum
557 2761 626 2801 P:
654 2763 719 2801 cui
741 2762 810 2801 ωδ
970 2774 1050 2811 235
1080 2762 1276 2802 achivum
1299 2762 1338 2812 Q
1501 2765 1581 2811 236
1609 2762 1792 2815 inceptis
1815 2776 1831 2782 ’-

129 2817 292 2869 scrt'p5i7'
304 2817 411 2856 idem
431 2817 644 2856 coniciebat
661 2816 770 2855 Ellis
790 2830 800 2855 ε
828 2817 995 2867 coeptis
1006 2815 1115 2856 PoeS
1195 2818 1343 2856 deerat
1361 2817 1523 2868 coeptis
1540 2818 1742 2858 Heinsius
1758 2822 1796 2858 et
1842 2853 1847 2856 .
1879 2859 1881 2862 ,

126 2870 240 2911 codd.
262 2871 355 2911 dett.
441 2884 523 2922 239
541 2885 599 2910 an
619 2874 861 2911 atavorum?
960 2884 1042 2921 240
1070 2877 1113 2910 et
1133 2872 1308 2921 pulchra
1334 2871 1437 2922 (que
1457 2873 1561 2920 om.)
1585 2871 1629 2910 P
1709 2884 1801 2922 241.
1839 2875 1859 2891 ”·’

126 2925 269 2990 fragor
289 2929 335 2977 (u
356 2931 449 2978 sup.
471 2938 558 2987 -ag-
578 2925 697 2979 add.)
718 2925 757 2975 Q
865 2938 945 2975 247
967 2925 1120 2977 premit
1140 2925 1180 2976 Q
1288 2926 1368 2975 248
1395 2926 1651 2976 spirantibus
1670 2925 1791 2977 PBQ
