1884 3204
163 25 215 71 P.
256 24 498 73 PAPINI
535 24 741 73 STAT1

159 162 304 212 vestit
339 165 501 213 Athos
535 179 898 227 nemorumque
932 164 1164 214 obscurat
1198 163 1412 228 imagine
1445 172 1688 228 pontum;

159 245 379 293 Thraces
413 253 553 293 arant
588 254 791 294 contra:
839 247 1090 294 Thracum
1125 245 1292 295 fatalia
1325 245 1472 295 nobis

159 325 313 385 litora,
352 334 402 375 et
435 325 554 375 inde
588 327 739 375 nefas.
812 327 1019 376 florebat
1054 327 1191 376 dives
1225 326 1440 375 alumnis

158 416 299 473 terra,
337 424 431 456 nec
465 407 548 456 illa
583 409 733 457 Samo
767 409 900 457 fama
935 409 1127 457 Delove
1163 406 1358 456 sonanti

159 487 298 551 peior
332 498 381 537 et
415 487 687 537 innumeris
723 505 846 552 quas
882 488 1121 553 spumifer
1155 487 1313 537 assilit
1347 489 1540 552 Aegon.

158 568 235 618 dis
270 568 430 617 visum
466 570 663 618 turbare
697 571 891 630 domos,
930 586 1023 618 nec
1058 578 1260 632 pectora
1295 569 1442 632 culpa

158 659 326 700 nostra
360 660 570 699 vacant:
617 652 780 700 nullos
815 650 1000 700 Veneri
1036 649 1336 699 sacravimus
1372 648 1513 714 ignis,

158 733 294 780 nulla
328 733 453 781 deae
487 733 666 792 sedes3
712 740 879 780 movet
914 740 964 780 et
998 730 1228 782 caelestia
1262 731 1520 794 quondam

157 814 310 862 corda
344 813 487 861 dolor
521 814 758 875 lentoque
792 811 1025 876 inrepunt
1050 811 1256 875 'agmine
1292 814 1504 860 Poenae.

157 894 239 942 illa
275 895 484 957 Paphon
520 902 736 942 veterem
772 902 1075 956 centumque
1108 892 1279 942 altaria
1312 891 1543 956 linquens

158 991 250 1024 nec
285 977 425 1023 vultu
461 991 554 1022 nec
589 973 725 1023 crine
759 973 892 1037 prior
926 973 1132 1025 solvisse
1165 973 1379 1037 iugalem

157 1066 331 1105 ceston
367 1065 416 1105 et
453 1055 636 1104 Idalias
672 1057 846 1118 procul
880 1055 1136 1118 ablegasse
1171 1055 1396 1104 volucres

157 1138 310 1186 fertur
328 1155 342 1198 3
392 1145 532 1185 erant
568 1145 702 1186 certe
739 1135 906 1186 media
942 1139 1071 1200 quae
1094 1132 1269 1186 'noctis
1305 1135 1356 1184 in
1391 1136 1569 1185 umbra

156 1219 323 1268 divam
358 1218 494 1268 alios>
516 1218 642 1282 ignis
679 1218 967 1282 maioraque
1002 1219 1102 1269 tela
1134 1227 1387 1282 gerentem

155 1302 414 1350 Tartareas
449 1300 576 1349 inter
610 1299 839 1349 thalamis
873 1299 1104 1350 volitasse
1139 1315 1331 1360 sorores

155 1384 424 1446 vulgarent,
462 1390 616 1444 utque
651 1380 903 1445 implicitis
937 1398 1118 1432 arcana
1153 1382 1419 1430 domorum

156 1463 399 1527 anguibus
435 1472 484 1512 et
519 1480 665 1512 saeva
699 1462 965 1512 formidine
1000 1471 1157 1526 nupta
1191 1463 1450 1526 replesset.
1498 1495 1502 1499 -

155 1544 340 1605 limina,
378 1561 472 1594 nec
507 1544 595 1594 fidi
630 1546 873 1608 populum
910 1544 1138 1595 miserata
1170 1543 1348 1593 mariti.
1385 1534 1387 1536 ¹

158 1626 384 1690 protinus
419 1643 449 1674 a
484 1628 680 1674 Lemno
716 1625 872 1675 teneri
907 1625 1098 1690 fugistis
1134 1627 1361 1686 Amores,

157 1717 324 1757 mutus
361 1710 566 1771 Hymen
601 1724 870 1771 versaeque
899 1709 1037 1757 faces
1072 1716 1122 1757 et
1155 1706 1332 1771 frigida
1365 1704 1481 1755 iusti

156 1805 273 1838 cura
308 1788 436 1849 tori3
481 1790 647 1838 nullae
683 1789 893 1837 redeunt
926 1787 979 1837 in
1014 1788 1195 1852 gaudia
1229 1797 1416 1848 noctes,
1453 1845 1455 1847 ,

156 1871 320 1919 nullus
356 1868 408 1917 in
443 1870 674 1932 amplexu
709 1884 859 1932 sopor
894 1877 985 1929 est,
1021 1868 1154 1918 Odia
1187 1885 1361 1932 aspera
1394 1867 1581 1932 ubique

153 1961 205 2001 et
242 1953 398 2000 Furor
432 1960 482 2000 et
516 1949 685 2000 medio
719 1950 924 1999 recubat
961 1949 1224 1999 Discordia
1257 1951 1403 1999 lecto.

156 2049 274 2082 cura
308 2031 421 2082 viris
456 2031 676 2081 tumidos
711 2033 919 2081 adversa
953 2033 1174 2080 Thracas
1209 2030 1261 2079 in
1297 2047 1384 2080 ora

155 2131 324 2164 eruere
360 2123 409 2164 et
444 2130 642 2163 saevam
677 2113 914 2163 bellando
949 2113 1171 2176 frangere
1205 2121 1443 2175 gentem..

154 2213 372 2260 cumque
407 2197 588 2244 domus
624 2203 797 2244 contra
832 2203 1119 2258 stantesque
1153 2193 1205 2243 in
1240 2193 1381 2243 litore
1416 2192 1533 2253 nati,

154 2277 350 2329 dulcius
386 2279 591 2327 Edonas
627 2275 817 2326 hiemes
853 2278 1143 2340 Arctonque
1177 2284 1488 2340 prementem

155 2359 395 2424 excipere,
432 2368 518 2408 aut
553 2360 757 2408 tandem
794 2357 943 2407 tacita
976 2367 1091 2422 post
1125 2357 1313 2421 proelia
1347 2366 1498 2408 nocte

155 2441 422 2489 fractorum
460 2439 648 2488 subitas
683 2447 959 2489 torrentum
993 2437 1167 2488 audire
1202 2437 1384 2488 ruinas.

1765 2445 1836 2487 85
1863 2491 1882 2497 ,.

208 2571 262 2619 64
293 2568 430 2620 certe]
453 2569 658 2619 quaedam
677 2567 720 2607 A
897 2571 1026 2619 65-71
1056 2568 1101 2607 in
1120 2567 1166 2607 D
1182 2568 1236 2608 al.
1258 2582 1317 2609 m.
1336 2568 1479 2620 scripii
1652 2569 1705 2619 67
1733 2566 1820 2608 vul·
1842 2574 1853 2583 ·“

154 2623 325 2676 garent]
356 2623 559 2663 iactat-ent
578 2623 626 2662 N
799 2624 854 2662 68
883 2623 1007 2662 foeda
1026 2623 1066 2674 Q
1185 2627 1329 2673 nupta·
1348 2622 1559 2673 replesset
1575 2621 1642 2662 P:
1669 2627 1822 2662 cuneta

155 2678 339 2728 replevit
366 2677 461 2718 ωδε
502 2677 759 2727 interpunxit
782 2677 977 2729 Postgate
1087 2690 1134 2727 71
1166 2683 1330 2717 mutus·
1349 2676 1471 2727 PQB
1500 2677 1563 2730 (in
1597 2689 1686 2715 mo·
1717 2678 1844 2722 corr.1‘

154 2733 208 2772 al.
230 2746 288 2773 m.
303 2731 362 2783 B)
385 2746 395 2771 :
424 2738 563 2772 motus
579 2731 746 2772 DKNS
867 2745 916 2783 77
947 2744 1125 2782 cumque
1146 2731 1391 2782 (†tumque)
1406 2731 1451 2770 D
1571 2732 1622 2781 78
1651 2731 1839 2780 Edonas

153 2785 325 2826 Servius
341 2787 463 2827 schol.
479 2786 637 2826 Lucan.
652 2787 849 2835 Bernart,
868 2787 1128 2826 Gronovius:
1158 2785 1347 2825 Edonias
1365 2784 1481 2824 codd.
1555 2781 1834 2838 prementem}

154 2840 220 2882 P:
252 2843 503 2880 frementem
524 2845 605 2881 cett.
715 2842 726 2864 ⁴
738 2840 920 2880 Tristius
938 2841 1112 2880 Edonas
1130 2839 1292 2880 hiemes
1313 2839 1593 2890 Hebrumque
1610 2839 1793 2881 nivalem
1805 2839 1843 2894 ⁷,

153 2894 327 2936 Samius
