1884 3204
571 560 790 635 LIBER
836 563 1260 614 VNDECIMVS

164 710 453 767 POSTQVAM
490 709 836 774 magnanimus
870 712 1020 762 furias
1055 713 1246 763 virtutis
1281 712 1485 778 iniquae

166 791 476 856 consumpsit
513 794 776 856 Capaneus
812 793 1174 857 exspiravitque
1208 805 1463 860 receptum

164 873 355 922 fulmen
391 882 440 922 et
474 875 540 922 ad
575 882 726 922 terras
762 875 910 937 longe
945 874 1182 923 comitata
1217 877 1482 926 cadentem

167 953 376 1017 signavit
410 970 580 1002 muros
614 953 801 1003 ultricis
837 953 1014 1003 semita
1048 957 1295 1016 flammae,

167 1034 426 1099 componit
461 1037 632 1085 dextra
667 1035 823 1085 victor
858 1052 1103 1085 concussa
1137 1039 1392 1101 plagarum

168 1115 392 1180 Iuppiter
427 1124 477 1166 et
511 1118 651 1165 vultu
688 1118 984 1180 caelumque
1019 1116 1256 1181 diemque
1290 1118 1494 1167 reducit.

166 1206 417 1262 gratantur
453 1197 630 1262 superi,
671 1200 910 1262 Phlegrae
945 1215 1039 1248 ceu
1074 1201 1232 1248 fessus
1266 1201 1468 1249 anhelet

165 1279 354 1343 proelia
389 1288 438 1329 et
475 1281 733 1329 Encelado
769 1281 1046 1328 fumantem
1082 1279 1381 1344 impresserit
1414 1283 1647 1330 Aetnam·

166 1360 248 1409 ille
283 1359 411 1410 iacet
446 1362 636 1410 lacerae
672 1362 963 1424 complexus
998 1361 1239 1425 fragmina
1274 1361 1430 1422 turris,

166 1452 334 1492 torvus
369 1443 536 1491 adhuc
570 1442 679 1491 visu
715 1444 1139 1506 memorandaque
1173 1445 1304 1492 facta
1338 1443 1625 1507 relinquens
1787 1455 1844 1492 ιο

166 1524 398 1588 gentibus
432 1532 583 1587 atque
618 1523 714 1588 ipsi
749 1541 853 1573 non
888 1524 1144 1573 inlaudata
1179 1524 1413 1574 Tonanti.
1848 1519 1851 1522 ⁵

167 1614 382 1669 quantus
417 1605 712 1669 Apollineae
746 1614 1012 1655 temerator
1046 1605 1214 1654 matris
1250 1608 1452 1656 Averno

166 1686 386 1736 tenditur
401 1702 416 1748 3
461 1686 597 1750 ipsae
632 1688 847 1746 horrent,
885 1686 927 1735 si
962 1688 1165 1750 quando
1201 1696 1403 1751 pectore
1437 1687 1501 1736 ab
1537 1689 1638 1737 alto

167 1775 425 1832 emergunt
459 1769 684 1817 volucres
719 1766 1065 1831 immensaque
1100 1769 1325 1817 membra
1359 1767 1570 1818 iacentis
1844 1827 1846 1829 ¹

168 1858 407 1913 spectant,
445 1849 567 1897 dum
603 1848 811 1897 miserae
846 1857 1075 1897 crescunt
1109 1848 1161 1896 in
1196 1850 1381 1912 pabula
1415 1850 1602 1899 fibrae:
1790 1867 1855 1913 15

169 1931 239 1979 sic
274 1938 441 1994 gravat
475 1928 688 1979 iniectus
724 1938 875 1979 terras
911 1929 1209 1994 hostiliaque
1244 1930 1340 1980 urit
1848 1923 1850 1926 ⁵

167 2028 283 2060 arva
317 2020 367 2061 et
401 2013 722 2061 anhelantem
757 2011 959 2060 caelesti
994 2013 1194 2075 sulpure
1229 2028 1493 2076 campum„

167 2092 408 2158 respirant
442 2093 663 2152 Thebae,
703 2092 1001 2156 templisque
1036 2091 1249 2142 iacentia
1283 2103 1489 2158 surgunt

168 2173 368 2239 agmina
385 2192 399 2236 3
445 2172 545 2223 iam
581 2173 692 2223 finis
727 2173 855 2223 votis
891 2173 1103 2238 finisque
1140 2174 1381 2238 supremis

166 2255 464 2321 planctibus,
503 2264 553 2305 et
587 2264 731 2305 natos
765 2271 916 2305 ausae
951 2258 1203 2319 deponere
1237 2265 1432 2306 matres.
1790 2278 1845 2308 2··

238 2339 306 2387 At
340 2354 465 2402 vaga
498 2336 727 2402 pallentis
764 2354 944 2401 campo
979 2339 1095 2402 fuga
1129 2336 1283 2387 volvit
1318 2337 1552 2388 Achivos.

171 2436 265 2469 nec
300 2419 399 2468 iam
435 2420 603 2468 hostes
639 2428 844 2478 turmae,
882 2428 968 2468 aut
1003 2421 1187 2468 ferrum
1222 2421 1430 2469 mortale
1465 2419 1693 2471 timetur:

171 2500 406 2551 omnibus
441 2510 559 2551 ante
595 2502 770 2550 oculos
805 2499 905 2550 irae
943 2500 1091 2561 Iovis,
1130 2500 1364 2550 omnibus
1398 2502 1575 2551 ardent

227 2644 252 2682 3
281 2636 439 2670 terram
461 2629 500 2681 Q
654 2629 862 2670 iacentem
886 2629 925 2680 Q
1089 2641 1113 2679 5
1143 2629 1279 2670 victor
1298 2631 1453 2670 dextra
1472 2630 1512 2681 Q
1611 2641 1615 2644 ⁴
1676 2633 1704 2671 6
1732 2631 1802 2672 die
1827 2653 1848 2667 «ι

174 2689 275 2738 (que
295 2686 402 2736 om.)
427 2685 465 2734 Q
604 2696 656 2723 10
702 2685 788 2724 sata
824 2684 873 2723 N
1053 2696 1099 2723 11
1144 2691 1187 2724 at
1233 2685 1272 2735 Q
1475 2696 1524 2735 15
1566 2689 1847 2736 spectandun·

173 2743 355 2780 miserae
387 2738 431 2777 P
614 2740 664 2777 16
693 2739 873 2779 infestus
913 2737 953 2789 Q
1138 2751 1189 2789 19
1217 2739 1331 2778 notis
1351 2739 1391 2789 Q
1540 2753 1594 2779 20
1624 2753 1703 2781 nec
1723 2747 1813 2782 nat·
1835 2751 1847 2787 j

172 2796 343 2835 Servius
452 2806 501 2832 21
533 2793 738 2844 pallentes
757 2793 903 2843 PQS:
932 2791 1126 2843 palantes
1145 2793 1324 2832 BDKN
1428 2795 1599 2847 campo]
1631 2795 1784 2834 iterum
1815 2808 1826 2829 ι·

173 2863 224 2888 22
254 2851 401 2889 hostes
420 2848 464 2887 P
479 2854 517 2888 et
532 2855 623 2899 sup.
646 2850 719 2889 lin.
740 2848 829 2886 BD
846 2862 855 2887 z
884 2848 1064 2887 hostiles
1092 2848 1257 2898 KNQS
1274 2853 1312 2887 et
1323 2849 1366 2886 in
1386 2848 1459 2888 lin.
1480 2848 1568 2888 BD
1679 2856 1828 2891 turma

173 2903 349 2944 hostiles
370 2905 528 2944 ferrum
546 2909 619 2943 aut
638 2903 678 2954 Q
789 2908 925 2942 morte
947 2904 1175 2956 (suprascr.
1198 2901 1396 2954 mortale)
1420 2903 1465 2942 D
1839 2916 1841 2920 ’
