1884 3204
86 51 139 98 P.
179 48 422 98 PAPINI
459 42 665 96 STATI

84 186 155 236 sic
190 186 324 235 iuvat
360 185 598 235 exanimis
633 184 951 248 proiectaque
986 186 1169 248 praeda
1203 200 1452 248 canesque

83 270 452 330 degeneresque
486 269 661 330 lupos:
702 282 907 330 magnos
941 265 1028 314 alit
1062 265 1133 314 ira
1166 267 1348 315 leones.
1663 280 1743 326 740
1821 297 1824 300 «

82 357 302 397 attamen
338 347 573 398 Olenium
610 349 990 410 Lamyrumque,
1028 347 1162 395 hunc
1196 348 1294 395 tela
1327 347 1555 409 pharetra

84 438 412 493 promentem,
450 429 585 477 hunc
621 427 754 477 saevi
788 430 1045 477 tollentem
1081 428 1303 491 pondera
1338 425 1440 475 saxi

82 509 247 570 deicit,
286 518 335 558 et
370 508 548 572 triplici
581 510 796 558 confisos
831 509 1008 558 robore
1042 507 1201 571 gentis

83 590 337 640 Alcetidas
372 592 556 649 fratres,
593 589 803 638 totidem
839 605 965 652 quos
1000 588 1194 637 eminus
1229 586 1381 636 hastis

83 669 341 718 continuat
357 687 371 730 3
417 671 597 718 ferrum
632 668 942 731 consumpsit
975 677 1176 731 pectore
1212 669 1441 730 Phyleus,
1666 683 1744 731 745
1815 693 1819 699 ·

83 766 168 799 ore
203 749 472 799 momordit
509 750 718 811 Helops,
757 765 931 797 umero
966 747 1234 797 transmisit
1270 749 1438 810 Iapyx.

82 831 282 894 iamque
316 839 366 879 et
400 828 693 893 quadriiugo
728 830 917 877 celsum
952 827 1076 890 petit
1113 830 1380 876 Haemona
1414 843 1572 887 curru,

81 912 486 973 horrendumque
521 926 673 958 manu
710 910 865 957 telum
901 917 1058 957 rotat:
1105 907 1189 956 ille
1223 907 1447 971 paventis

83 989 357 1053 obliquavit
393 1006 579 1053 equos3
625 991 776 1053 longo
812 991 1000 1053 perlata
1033 997 1206 1037 tenore

82 1070 272 1120 transiit
306 1073 448 1119 hasta
482 1072 624 1131 duos,
663 1069 860 1119 sitiebat
894 1071 1097 1119 vulnera
1132 1085 1225 1118 nec
1261 1085 1365 1118 non
1665 1087 1746 1133 750
1827 1094 1830 1095 ⁷

83 1151 240 1212 tertia,
278 1153 368 1201 sed
403 1150 572 1200 medio
607 1149 772 1213 cuspis
807 1159 1009 1199 temone
1045 1158 1235 1199 retenta
1270 1158 1358 1199 est.

150 1233 250 1281 Sed
285 1234 447 1281 solum
482 1231 622 1291 votis,
662 1233 824 1280 solum
859 1233 1075 1280 clamore
1109 1232 1370 1280 tremendo

82 1312 316 1362 omnibus
350 1313 403 1361 in
437 1311 611 1361 turmis
647 1320 786 1374 optat
821 1310 1104 1375 vocitatque
1140 1312 1370 1361 Creonta.

82 1402 231 1457 atque
266 1395 402 1442 hune
438 1393 631 1442 diversa
664 1393 908 1441 bellorum
944 1391 996 1439 in
1031 1393 1193 1441 fronte
1228 1390 1474 1455 maniplos

81 1475 363 1523 hortantem
398 1473 544 1523 dictis
577 1475 853 1536 frustraque
888 1482 1104 1521 extrema
1138 1471 1413 1521 minantem
1665 1489 1745 1534 755
1824 1535 1827 1537 ‚

81 1554 337 1619 conspicit.
409 1554 688 1603 abscedunt
723 1552 931 1602 comites
948 1571 962 1614 3
1009 1554 1099 1602 sed
1134 1554 1332 1602 Thesea
1365 1552 1485 1602 iussi

81 1635 374 1698 linquebant
407 1626 618 1697 fretique
653 1633 760 1683 deis
795 1642 946 1697 atque
980 1633 1133 1697 ipsius
1167 1633 1346 1682 armis:

81 1716 163 1766 ille
198 1725 334 1765 tenet
369 1724 666 1777 revocatque
702 1730 832 1774 su08‚
871 1723 1026 1777 utque
1060 1730 1224 1777 aequa
1258 1713 1449 1763 notavit

81 1796 199 1845 hinc
232 1806 382 1859 atque
417 1795 536 1844 hinc
571 1794 701 1854 odia,
740 1803 956 1843 extrema
988 1811 1041 1844 se
1076 1793 1261 1858 colligit
1295 1794 1379 1855 ira,

80 1877 179 1926 iam
213 1879 359 1927 letale
394 1878 574 1935 furens,
612 1884 762 1938 atque
797 1876 959 1924 audax
993 1883 1152 1924 morte
1186 1876 1362 1924 futura.
1665 1883 1746 1938 760
1818 1883 1839 1922 .’

84 1960 230 2008 ‘Non
266 1975 382 2007 cum
418 1956 679 2021 peltiferis'
713 1955 782 2005 ait
818 1959 830 1981 ‘
851 1957 974 2005 haec
1009 1955 1100 2005 tibi
1134 1972 1301 2019 pugna
1334 1955 1524 2019 puellis,

80 2039 320 2102 virgineas
356 2055 419 2087 ne
455 2039 603 2087 crede
638 2053 844 2086 manus:
892 2036 974 2086 hic
1009 2038 1162 2086 cruda
1194 2036 1410 2086 virorum

80 2119 280 2184 proelia,
318 2136 411 2168 nos
447 2135 683 2182 magnum
719 2117 805 2181 qui
841 2119 1014 2182 Tydea
1049 2117 1235 2181 quique
1270 2119 1516 2167 furentem

82 2200 499 2265 Hippomedonta
533 2199 644 2248 neci
680 2200 1015 2263 Capaneaque
1050 2198 1275 2247 misimus
1310 2198 1498 2247 umbris

80 2291 294 2345 pectora.
366 2297 494 2344 quae
529 2281 716 2329 bellum
751 2296 988 2344 praeceps
1023 2278 1240 2328 amentia
1274 2278 1439 2339 suasit,
1661 2285 1742 2341 765

80 2361 342 2425 improbe?
388 2378 557 2411 nonne
591 2361 744 2421 vides,
782 2377 909 2424 quos
945 2360 1196 2421 ulciscare,
1234 2359 1503 2410 iacentis?'

80 2441 150 2491 sic
184 2442 267 2502 ait,
306 2451 354 2491 et
389 2444 565 2491 frustra
599 2441 870 2506 periturum
906 2441 1091 2490 missile
1127 2457 1326 2490 summo

78 2522 266 2572 adflixit
301 2523 476 2587 clipeo.
549 2523 652 2572 risit
685 2539 935 2586 vocesque
970 2538 1247 2586 manusque

135 2664 210 2702 741
242 2651 614 2702 lamyrumqueP:
638 2651 1024 2702 thamirumqueB:
1052 2651 1350 2702 thamirimque
1365 2650 1450 2701 QN
1462 2665 1472 2690 :
1500 2650 1744 2704 tamssiffiq.
1810 2627 1820 2650 ι’

79 2705 126 2744 Κ
244 2720 322 2756 744
351 2706 574 2745 Alceditas
602 2705 668 2745 P:
700 2706 903 2746 Alceidas
939 2705 1025 2756 QN
1039 2719 1048 2744 z
1077 2705 1308 2756 Alcepidas
1336 2704 1463 2744 BKS
1569 2707 1744 2746 tandem
1796 2693 1815 2699 ..

83 2760 301 2811 (suprascr.
324 2761 550 2812 †totidem)
570 2760 608 2810 Q
737 2762 818 2810 746
845 2760 973 2799 humo
993 2759 1032 2810 Q
1160 2771 1239 2810 752
1268 2760 1492 2799 tremendo
1510 2758 1744 2800 Heinsius=
1797 2759 1817 2801 ,ᾖ

80 2815 315 2864 premendo
347 2814 416 2853 P:
451 2814 672 2853 fremendo
701 2828 759 2853 w:
795 2814 975 2854 serendo
1007 2812 1051 2851 A
1242 2826 1322 2865 753
1354 2818 1471 2864 optat
1499 2815 1743 2864 vocitatque
1803 2843 1816 2851 .

77 2867 120 2906 P
139 2882 147 2906 :
178 2874 379 2919 optatque
397 2874 605 2918 vocatque
625 2868 694 2907 oeS
867 2871 947 2918 756
974 2869 1050 2907 sed
1069 2867 1134 2907 P:
1163 2874 1208 2908 et
1226 2867 1296 2906 ωδ
1478 2870 1556 2917 762
1584 2868 1684 2908 hinc
1703 2867 1743 2920 Q
1813 2859 1831 2892 ¹-

83 2923 161 2971 768
187 2922 350 2962 adssixit
366 2922 448 2974 ΡΩ
467 2936 476 2961 :
505 2922 653 2962 adfixit
669 2921 803 2962 BKN
906 2934 1136 2972 manusque
1155 2922 1220 2963 P:
1247 2934 1500 2972 manumque
1518 2937 1550 2961 ω
1810 2919 1826 2956 2
