1884 3204
1003 130 1412 180 THEBAIDOS
1450 132 1663 181 LIBER
1702 135 1746 180 X

27 291 31 293 ·
93 277 217 323 stare
251 265 412 317 omnis
428 284 444 328 ,·
489 265 556 314 ita
591 275 770 315 cuncta
805 268 972 330 replet.
1045 283 1147 315 non
1184 267 1330 317 ullius
1365 277 1514 328 aetas,

47 350 70 363 '⁸
90 365 192 398 non
226 348 399 406 cultuS,
437 362 538 394 non
574 347 731 395 forma
765 356 931 395 movet
949 365 962 407 3
1009 348 1341 410 pugnantibus
1377 348 1510 398 idem

43 445 48 459 =
91 414 491 492 supplicibusque
526 425 639 474 furit
656 444 670 488 3
717 442 819 475 non
855 425 1117 490 quisquam
1155 427 1391 477 obsistere
1428 438 1612 488 contra,

24 535 27 538 ·
89 523 191 557 non
226 505 341 555 belli
376 514 615 569 temptare
650 504 810 555 vices:
857 508 1031 570 procul
1068 523 1203 555 arma
1238 508 1443 557 furentis

88 585 410 649 terribilisque
444 585 585 634 iubas
621 594 670 635 et
703 586 915 636 frontem
951 586 1155 635 cassidis
1191 588 1403 637 horrent.
1669 606 1745 652 755

153 668 222 716 At
254 665 364 730 pius
399 667 555 715 electa
590 683 842 715 murorum
878 666 929 715 in
965 676 1102 730 parte
1140 669 1447 717 Menoeceus

33 735 54 805 ᾖ
78 744 184 796 ‘iarn
220 763 355 795 sacer
388 755 590 810 aspectu
627 745 874 810 solitoque
909 747 1160 811 augustior
1195 765 1293 808 ore,

89 843 178 877 ceu
213 825 378 875 subito
412 826 463 874 in
499 835 648 876 terras
686 844 864 891 supero
901 828 1145 878 demissus
1179 830 1244 879 ab
1280 847 1382 891 axe,

36 971 38 973 ι
80 904 317 967 constitit,
355 916 582 970 exempta
616 908 903 959 manifestus
937 909 1128 959 casside
1152 910 1304 971 nosci,

34 975 35 978 Ἴ
86 986 405 1051 despexitque
439 988 569 1037 acies
604 989 863 1038 hominum
900 999 948 1039 et
983 992 1198 1040 clamore
1233 993 1479 1055 profundo
1666 999 1744 1054 760

48 1110 62 1117 ff.
85 1067 324 1118 convertit
359 1085 589 1131 campum
624 1069 863 1134 iussitque
898 1070 1091 1120 silentia
1126 1072 1270 1121 bello.

35 1147 38 1154 “
85 1150 382 1197 ‘Armorum
419 1149 598 1213 superi,
633 1159 785 1214 tuque
821 1169 852 1201 o
887 1152 972 1215 qui
1008 1154 1177 1202 funere
1213 1162 1351 1202 tanto

86 1227 311 1292 indulges
347 1228 480 1290 mihi,
521 1232 740 1292 Phoebe,
778 1232 915 1291 mori,
955 1234 1069 1282 date
1104 1234 1283 1296 gaudia
1319 1234 1507 1283 Thebis

85 1325 212 1372 quae
246 1308 410 1373 pepigi
445 1319 494 1358 et
528 1319 635 1360 toto
670 1328 797 1374 quae
833 1313 1070 1376 sanguine
1106 1314 1340 1377 prodigus
1377 1314 1487 1362 emi.

84 1390 204 1439 ferte
237 1399 366 1439 retro
401 1391 587 1439 bellum
622 1402 894 1456 captaeque
929 1393 1185 1457 impingite
1222 1396 1412 1443 Lernae
1664 1402 1741 1456 765

84 1469 311 1534 reliquias
347 1471 514 1534 turpiS‚
553 1474 847 1536 confixaque
882 1483 1015 1538 terga
1051 1474 1261 1523 foventis

87 1551 302 1600 Inachus
334 1551 590 1602 indecores
625 1563 763 1616 pater
796 1564 1044 1604 aversetur
1077 1557 1319 1604 alumnos.

84 1639 134 1680 at
166 1630 326 1694 Tyriis
362 1634 559 1696 templa,
596 1650 723 1695 arva,
763 1636 954 1695 domos,
994 1636 1222 1696 conubia,
1261 1645 1403 1685 natos

83 1711 274 1761 reddite
311 1722 468 1762 morte
504 1731 643 1775 mea3
690 1714 731 1763 si
753 1732 854 1765 *vos
890 1716 1071 1780 placita
1106 1716 1268 1766 hostia
1302 1716 1414 1777 iuvi,

83 1790 124 1840 si
159 1809 260 1841 non
294 1793 514 1843 attonitis
550 1794 672 1844 vatis
709 1799 934 1846 consulta
968 1797 1131 1861 recepi
1600 1853 1602 1855 ,
1662 1815 1743 1861 770

21 1894 26 1899 ·
81 1872 279 1923 auribus
315 1883 364 1923 et
398 1875 586 1924 Thebis
622 1878 848 1926 nondum
885 1878 1199 1927 credentibus
1235 1879 1390 1938 hausi,

83 1954 206 2003 haec
241 1955 555 2018 Amphioniis
591 1974 680 2020 pro
716 1975 796 2007 me
830 1959 1093 2021 persolvite
1129 1959 1298 2008 tectis!

83 2042 134 2082 at
168 2034 291 2083 mihi
326 2037 608 2099 deceptum,
642 2054 827 2100 precor,
867 2049 1062 2089 exorate
1097 2041 1382 2103 parentem.'

32 2168 35 2170 ,
83 2115 153 2163 sic
187 2115 268 2175 ait,
305 2115 647 2181 insignemque
681 2118 898 2168 animam
934 2138 1170 2170 mucrone
1206 2138 1411 2170 corusco

83 2194 434 2259 dedignantem
470 2207 600 2247 artus
636 2198 826 2262 pridem
863 2210 1200 2265 maestamque
1235 2201 1390 2250 teneri
1664 2219 1739 2264 775

83 2275 249 2339 arripit
283 2286 431 2340 atque
466 2294 568 2326 uno
605 2279 877 2342 quaesitam
914 2283 1114 2331 vulnere
1149 2282 1344 2346 rumpit.

83 2356 320 2420 sanguine
355 2367 474 2406 tunc
510 2359 688 2422 spargit
723 2360 864 2410 turris
900 2370 949 2410 et
985 2362 1181 2411 moenia
1214 2365 1401 2423 lustrat,

0 2465 2 2503 ἰ
84 2452 235 2500 seque
270 2454 416 2500 super
447 2439 634 2495 medias
670 2440 814 2501 acieS,
852 2444 1078 2491 nondum
1115 2461 1232 2492 ense
1267 2443 1485 2503 remisso,

65 2506 196 2567 iecit
231 2526 279 2566 et
314 2517 365 2566 in
401 2535 572 2569 saevos
607 2522 783 2571 cadere
819 2532 1133 2583 estlconatus
1169 2524 1401 2573 Achivos.

139 2657 216 2696 755
245 2647 368 2687 tubas
385 2647 428 2686 P
597 2653 677 2699 756
705 2656 845 2691 erecta
863 2651 1068 2691 Schrader
1247 2666 1323 2703 757
1352 2660 1435 2692 tam
1455 2654 1497 2692 P
1572 2689 1575 2691 .
1661 2657 1739 2703 758

0 2699 2 2741 ἶ
81 2712 237 2750 ,supera
256 2730 267 2740 .
290 2731 302 2741 .
325 2730 336 2741 .
359 2715 456 2740 arce
475 2701 518 2740 A
704 2717 783 2755 759
813 2711 855 2745 et
876 2706 1044 2756 dempta
1062 2707 1213 2759 Barth,
1240 2709 1474 2747 Gronovius
1662 2711 1739 2758 764

0 2756 2 2776 ÷
82 2759 179 2794 voto
213 2753 459 2794 Valckenaer
583 2760 659 2807 767
689 2760 937 2799 adversetur
966 2761 1014 2799 N
1130 2764 1211 2812 769
1240 2763 1392 2812 placita
1421 2762 1534 2812 KQ:
1574 2762 1739 2814 placida

0 2821 2 2823 ’
81 2806 244 2847 PBNL
265 2823 275 2848 ε
312 2810 481 2863 piatssl
499 2810 547 2849 K
708 2826 786 2862 772
815 2814 940 2854 tectis
959 2814 1191 2856 Schrader:
1235 2817 1359 2855 terris
1378 2817 1492 2856 codd.
1661 2830 1740 2867 773

0 2880 2 2911 2
85 2867 129 2954 at
146 2861 298 2969 13)αὲ
306 2879 338 2904 ω
529 2877 605 2916 777
635 2868 775 2917 spargi
794 2867 836 2906 P
1052 2882 1131 2920 779
1160 2871 1274 2920 flectit
1293 2870 1334 2908 P
1351 2885 1362 2911 :
1390 2870 1487 2910 iecit
1508 2869 1733 2924 (suprascr.

115 2927 163 2954 ec
183 2928 194 2954 1
1724 2941 1727 2943 .
