<?xml version="1.0" encoding="UTF-8"?>
<!DOCTYPE html PUBLIC "-//W3C//DTD XHTML 1.0 Transitional//EN"
    "http://www.w3.org/TR/xhtml1/DTD/xhtml1-transitional.dtd">
<html xmlns="http://www.w3.org/1999/xhtml" xml:lang="en" lang="en">
 <head>
  <title>
</title>
<meta http-equiv="Content-Type" content="text/html;charset=utf-8" />
  <meta name='ocr-system' content='tesseract 3.04.00' />
  <meta name='ocr-capabilities' content='ocr_page ocr_carea ocr_par ocr_line ocrx_word'/>
</head>
<body>
  <div class='ocr_page' id='page_1' title='image "./thebaisetachille00statuoft_0207.png"; bbox 0 0 1884 3204; ppageno 0'>
   <div class='ocr_carea' id='block_1_1' title="bbox 56 0 1735 138">
    <p class='ocr_par' dir='ltr' id='par_1_1' title="bbox 56 0 1735 138">
     <span class='ocr_line' id='line_1_1' title="bbox 56 0 1735 138; baseline 0.001 -20"><span class='ocrx_word' id='word_1_1' title='bbox 56 0 89 138; x_wconf 54' lang='lat'>¹</span> <span class='ocrx_word' id='word_1_2' title='bbox 936 71 1345 125; x_wconf 81' lang='lat' dir='ltr'><strong>THEBAIDos</strong></span> <span class='ocrx_word' id='word_1_3' title='bbox 1383 72 1598 125; x_wconf 83' lang='lat' dir='ltr'><strong>LIBER</strong></span> <span class='ocrx_word' id='word_1_4' title='bbox 1632 73 1735 121; x_wconf 87' lang='lat' dir='ltr'><strong>v11</strong></span> 
     </span>
    </p>
   </div>
   <div class='ocr_carea' id='block_1_2' title="bbox 89 210 1313 275">
    <p class='ocr_par' dir='ltr' id='par_1_2' title="bbox 89 210 1313 275">
     <span class='ocr_line' id='line_1_2' title="bbox 89 210 1313 275; baseline -0.006 -10"><span class='ocrx_word' id='word_1_5' title='bbox 89 214 394 265; x_wconf 86' lang='lat' dir='ltr'>innumeram</span> <span class='ocrx_word' id='word_1_6' title='bbox 429 214 553 262; x_wconf 91' lang='lat' dir='ltr'><strong>ferro</strong></span> <span class='ocrx_word' id='word_1_7' title='bbox 587 212 798 275; x_wconf 86' lang='lat' dir='ltr'><strong>plebem,</strong></span> <span class='ocrx_word' id='word_1_8' title='bbox 837 226 928 259; x_wconf 91' lang='lat' dir='ltr'><strong>ceu</strong></span> <span class='ocrx_word' id='word_1_9' title='bbox 964 210 1121 260; x_wconf 89' lang='lat' dir='ltr'><strong>letifer</strong></span> <span class='ocrx_word' id='word_1_10' title='bbox 1154 226 1313 259; x_wconf 90' lang='lat' dir='ltr'><strong>annus</strong></span> 
     </span>
    </p>
   </div>
   <div class='ocr_carea' id='block_1_3' title="bbox 69 289 1739 358">
    <p class='ocr_par' dir='ltr' id='par_1_3' title="bbox 69 289 1739 358">
     <span class='ocr_line' id='line_1_3' title="bbox 69 289 1739 358; baseline -0.007 -11"><span class='ocrx_word' id='word_1_11' title='bbox 69 305 172 358; x_wconf 75' lang='lat' dir='ltr'><strong>‚aut</strong></span> <span class='ocrx_word' id='word_1_12' title='bbox 205 294 344 343; x_wconf 91' lang='lat' dir='ltr'><strong>iubar</strong></span> <span class='ocrx_word' id='word_1_13' title='bbox 377 292 570 343; x_wconf 90' lang='lat' dir='ltr'><strong>adversi</strong></span> <span class='ocrx_word' id='word_1_14' title='bbox 603 308 747 355; x_wconf 91' lang='lat' dir='ltr'><strong>grave</strong></span> <span class='ocrx_word' id='word_1_15' title='bbox 782 289 968 350; x_wconf 90' lang='lat' dir='ltr'><strong>sideris,</strong></span> <span class='ocrx_word' id='word_1_16' title='bbox 1007 290 1232 340; x_wconf 90' lang='lat' dir='ltr'><strong>immolat</strong></span> <span class='ocrx_word' id='word_1_17' title='bbox 1267 289 1453 339; x_wconf 91' lang='lat' dir='ltr'><strong>umbris</strong></span> <span class='ocrx_word' id='word_1_18' title='bbox 1661 307 1739 350; x_wconf 89' lang='lat'><strong>710</strong></span> 
     </span>
    </p>
   </div>
   <div class='ocr_carea' id='block_1_4' title="bbox 89 369 1444 520">
    <p class='ocr_par' dir='ltr' id='par_1_4' title="bbox 89 369 1444 520">
     <span class='ocr_line' id='line_1_4' title="bbox 89 369 1444 439; baseline -0.005 -15"><span class='ocrx_word' id='word_1_19' title='bbox 89 375 191 439; x_wconf 84' lang='lat' dir='ltr'><strong>ipse</strong></span> <span class='ocrx_word' id='word_1_20' title='bbox 225 372 356 422; x_wconf 88' lang='lat' dir='ltr'><strong>suis:</strong></span> <span class='ocrx_word' id='word_1_21' title='bbox 402 371 562 422; x_wconf 90' lang='lat' dir='ltr'><strong>iaculo</strong></span> <span class='ocrx_word' id='word_1_22' title='bbox 597 372 846 434; x_wconf 87' lang='lat' dir='ltr'>Phlegyan</span> <span class='ocrx_word' id='word_1_23' title='bbox 882 369 1141 433; x_wconf 92' lang='lat' dir='ltr'><strong>iaculoque</strong></span> <span class='ocrx_word' id='word_1_24' title='bbox 1178 370 1444 433; x_wconf 90' lang='lat' dir='ltr'><strong>superbum</strong></span> 
     </span>
     <span class='ocr_line' id='line_1_5' title="bbox 89 450 1343 520; baseline -0.005 -16"><span class='ocrx_word' id='word_1_25' title='bbox 89 454 283 520; x_wconf 84' lang='lat' dir='ltr'>Phylea,</span> <span class='ocrx_word' id='word_1_26' title='bbox 320 453 497 501; x_wconf 87' lang='lat' dir='ltr'><strong>falcato</strong></span> <span class='ocrx_word' id='word_1_27' title='bbox 533 450 724 501; x_wconf 90' lang='lat' dir='ltr'><strong>Clonin·</strong></span> <span class='ocrx_word' id='word_1_28' title='bbox 751 459 800 499; x_wconf 92' lang='lat' dir='ltr'><strong>et</strong></span> <span class='ocrx_word' id='word_1_29' title='bbox 836 450 1165 500; x_wconf 89' lang='lat' dir='ltr'><strong>Cremetaona</strong></span> <span class='ocrx_word' id='word_1_30' title='bbox 1200 466 1343 498; x_wconf 91' lang='lat' dir='ltr'><strong>curru</strong></span> 
     </span>
    </p>
   </div>
   <div class='ocr_carea' id='block_1_5' title="bbox 27 529 1665 675">
    <p class='ocr_par' dir='ltr' id='par_1_5' title="bbox 27 529 1665 675">
     <span class='ocr_line' id='line_1_6' title="bbox 27 529 1665 592; baseline -0.004 -10"><span class='ocrx_word' id='word_1_31' title='bbox 27 530 30 534; x_wconf 64' lang='grc'>’</span> <span class='ocrx_word' id='word_1_32' title='bbox 88 531 362 583; x_wconf 90' lang='lat' dir='ltr'><strong>comminus</strong></span> <span class='ocrx_word' id='word_1_33' title='bbox 397 532 530 579; x_wconf 88' lang='lat' dir='ltr'><strong>hunc</strong></span> <span class='ocrx_word' id='word_1_34' title='bbox 566 539 776 578; x_wconf 91' lang='lat' dir='ltr'><strong>stantem</strong></span> <span class='ocrx_word' id='word_1_35' title='bbox 813 529 964 588; x_wconf 91' lang='lat' dir='ltr'><strong>metit,</strong></span> <span class='ocrx_word' id='word_1_36' title='bbox 1004 531 1138 578; x_wconf 93' lang='lat' dir='ltr'><strong>hunc</strong></span> <span class='ocrx_word' id='word_1_37' title='bbox 1173 545 1203 576; x_wconf 89' lang='lat' dir='ltr'><strong>a</strong></span> <span class='ocrx_word' id='word_1_38' title='bbox 1237 529 1424 592; x_wconf 86' lang='lat' dir='ltr'>poplite</span> <span class='ocrx_word' id='word_1_39' title='bbox 1461 537 1665 587; x_wconf 91' lang='lat' dir='ltr'><strong>sectum,</strong></span> 
     </span>
     <span class='ocr_line' id='line_1_7' title="bbox 63 605 1586 675; baseline -0.003 -12"><span class='ocrx_word' id='word_1_40' title='bbox 63 611 288 675; x_wconf 67' lang='lat' dir='ltr'><strong>,cuspide</strong></span> <span class='ocrx_word' id='word_1_41' title='bbox 322 627 422 660; x_wconf 94' lang='lat' dir='ltr'><strong>non</strong></span> <span class='ocrx_word' id='word_1_42' title='bbox 459 609 607 659; x_wconf 92' lang='lat' dir='ltr'><strong>missa</strong></span> <span class='ocrx_word' id='word_1_43' title='bbox 641 608 881 660; x_wconf 88' lang='lat' dir='ltr'>Chromin</span> <span class='ocrx_word' id='word_1_44' title='bbox 919 608 1289 672; x_wconf 84' lang='lat' dir='ltr'>Iphinoumque</span> <span class='ocrx_word' id='word_1_45' title='bbox 1325 605 1586 672; x_wconf 79' lang='lat' dir='ltr'><strong>Sagenque</strong></span> 
     </span>
    </p>
   </div>
   <div class='ocr_carea' id='block_1_6' title="bbox 82 689 1734 1060">
    <p class='ocr_par' dir='ltr' id='par_1_6' title="bbox 84 689 1734 837">
     <span class='ocr_line' id='line_1_8' title="bbox 84 689 1734 757; baseline -0.002 -17"><span class='ocrx_word' id='word_1_46' title='bbox 84 690 434 757; x_wconf 82' lang='lat' dir='ltr'><strong>intonsumque</strong></span> <span class='ocrx_word' id='word_1_47' title='bbox 469 691 611 753; x_wconf 86' lang='lat' dir='ltr'>Gyan</span> <span class='ocrx_word' id='word_1_48' title='bbox 646 706 938 752; x_wconf 89' lang='lat' dir='ltr'><strong>sacrumque</strong></span> <span class='ocrx_word' id='word_1_49' title='bbox 974 691 1194 752; x_wconf 86' lang='lat' dir='ltr'><strong>Lycorea</strong></span> <span class='ocrx_word' id='word_1_50' title='bbox 1229 689 1436 738; x_wconf 92' lang='lat' dir='ltr'><strong>Phoebo</strong></span> <span class='ocrx_word' id='word_1_51' title='bbox 1660 707 1734 752; x_wconf 79' lang='lat'><strong>7¹5</strong></span> 
     </span>
     <span class='ocr_line' id='line_1_9' title="bbox 85 763 1315 837; baseline -0.001 -17"><span class='ocrx_word' id='word_1_52' title='bbox 85 770 314 837; x_wconf 69' lang='lat' dir='ltr'><strong>(invitusz</strong></span> <span class='ocrx_word' id='word_1_53' title='bbox 361 769 459 819; x_wconf 91' lang='lat' dir='ltr'><strong>iam</strong></span> <span class='ocrx_word' id='word_1_54' title='bbox 494 769 765 818; x_wconf 89' lang='lat' dir='ltr'><strong>fraxineum</strong></span> <span class='ocrx_word' id='word_1_55' title='bbox 801 769 1064 819; x_wconf 84' lang='lat' dir='ltr'><strong>demiserat</strong></span> <span class='ocrx_word' id='word_1_56' title='bbox 1099 771 1270 819; x_wconf 87' lang='lat' dir='ltr'><strong>hastae</strong></span> <span class='ocrx_word' id='word_1_57' title='bbox 1312 763 1315 765; x_wconf 55' lang='grc'><strong>’</strong></span> 
     </span>
    </p>

    <p class='ocr_par' dir='ltr' id='par_1_7' title="bbox 82 849 1254 919">
     <span class='ocr_line' id='line_1_10' title="bbox 82 849 1254 919; baseline -0.003 -18"><span class='ocrx_word' id='word_1_58' title='bbox 82 849 243 919; x_wconf 66' lang='lat' dir='ltr'><strong>robur,</strong></span> <span class='ocrx_word' id='word_1_59' title='bbox 282 859 330 899; x_wconf 94' lang='lat' dir='ltr'><strong>et</strong></span> <span class='ocrx_word' id='word_1_60' title='bbox 364 849 578 900; x_wconf 85' lang='lat' dir='ltr'><strong>excussis</strong></span> <span class='ocrx_word' id='word_1_61' title='bbox 613 849 838 914; x_wconf 91' lang='lat' dir='ltr'><strong>apparuit</strong></span> <span class='ocrx_word' id='word_1_62' title='bbox 873 849 1027 898; x_wconf 91' lang='lat' dir='ltr'><strong>infula</strong></span> <span class='ocrx_word' id='word_1_63' title='bbox 1061 849 1254 913; x_wconf 91' lang='lat' dir='ltr'><strong>cristis),</strong></span> 
     </span>
    </p>

    <p class='ocr_par' dir='ltr' id='par_1_8' title="bbox 83 929 1314 994">
     <span class='ocr_line' id='line_1_11' title="bbox 83 929 1314 994; baseline -0.002 -14"><span class='ocrx_word' id='word_1_64' title='bbox 83 931 380 980; x_wconf 89' lang='lat' dir='ltr'><strong>Alcathoum</strong></span> <span class='ocrx_word' id='word_1_65' title='bbox 416 947 550 991; x_wconf 92' lang='lat' dir='ltr'><strong>saxo,</strong></span> <span class='ocrx_word' id='word_1_66' title='bbox 584 929 664 978; x_wconf 93' lang='lat' dir='ltr'><strong>cui</strong></span> <span class='ocrx_word' id='word_1_67' title='bbox 699 929 883 979; x_wconf 90' lang='lat' dir='ltr'><strong>circum</strong></span> <span class='ocrx_word' id='word_1_68' title='bbox 919 938 1089 994; x_wconf 89' lang='lat' dir='ltr'><strong>stagna</strong></span> <span class='ocrx_word' id='word_1_69' title='bbox 1124 929 1314 993; x_wconf 86' lang='lat' dir='ltr'><strong>Carysti</strong></span> 
     </span>
    </p>

    <p class='ocr_par' dir='ltr' id='par_1_9' title="bbox 85 1009 1344 1060">
     <span class='ocr_line' id='line_1_12' title="bbox 85 1009 1344 1060; baseline -0.001 0"><span class='ocrx_word' id='word_1_70' title='bbox 85 1018 133 1060; x_wconf 87' lang='lat' dir='ltr'><strong>et</strong></span> <span class='ocrx_word' id='word_1_71' title='bbox 167 1011 345 1060; x_wconf 90' lang='lat' dir='ltr'><strong>domus</strong></span> <span class='ocrx_word' id='word_1_72' title='bbox 380 1019 429 1059; x_wconf 92' lang='lat' dir='ltr'><strong>et</strong></span> <span class='ocrx_word' id='word_1_73' title='bbox 464 1009 680 1059; x_wconf 89' lang='lat' dir='ltr'><strong>coniunx</strong></span> <span class='ocrx_word' id='word_1_74' title='bbox 714 1018 762 1060; x_wconf 90' lang='lat' dir='ltr'><strong>et</strong></span> <span class='ocrx_word' id='word_1_75' title='bbox 797 1019 1018 1059; x_wconf 90' lang='lat' dir='ltr'><strong>amantes</strong></span> <span class='ocrx_word' id='word_1_76' title='bbox 1054 1009 1195 1058; x_wconf 91' lang='lat' dir='ltr'><strong>litora</strong></span> <span class='ocrx_word' id='word_1_77' title='bbox 1229 1009 1344 1059; x_wconf 87' lang='lat' dir='ltr'><strong>nati.</strong></span> 
     </span>
    </p>
   </div>
   <div class='ocr_carea' id='block_1_7' title="bbox 10 1089 1740 1153">
    <p class='ocr_par' dir='ltr' id='par_1_10' title="bbox 10 1089 1740 1153">
     <span class='ocr_line' id='line_1_13' title="bbox 10 1089 1740 1153; baseline -0.001 -14"><span class='ocrx_word' id='word_1_78' title='bbox 10 1137 37 1148; x_wconf 11' lang='grc' dir='ltr'><strong>χ,</strong></span> <span class='ocrx_word' id='word_1_79' title='bbox 83 1089 265 1139; x_wconf 87' lang='lat' dir='ltr'><strong>vixerat</strong></span> <span class='ocrx_word' id='word_1_80' title='bbox 298 1090 380 1140; x_wconf 89' lang='lat' dir='ltr'><strong>ille</strong></span> <span class='ocrx_word' id='word_1_81' title='bbox 414 1090 500 1140; x_wconf 93' lang='lat' dir='ltr'><strong>diu</strong></span> <span class='ocrx_word' id='word_1_82' title='bbox 535 1107 722 1153; x_wconf 91' lang='lat' dir='ltr'><strong>pauper</strong></span> <span class='ocrx_word' id='word_1_83' title='bbox 756 1098 995 1139; x_wconf 91' lang='lat' dir='ltr'><strong>scrutator</strong></span> <span class='ocrx_word' id='word_1_84' title='bbox 1029 1106 1281 1153; x_wconf 92' lang='lat' dir='ltr'><strong>aquarum,</strong></span> <span class='ocrx_word' id='word_1_85' title='bbox 1660 1105 1740 1150; x_wconf 87' lang='lat'><strong>720</strong></span> 
     </span>
    </p>
   </div>
   <div class='ocr_carea' id='block_1_8' title="bbox 83 1169 1346 1233">
    <p class='ocr_par' dir='ltr' id='par_1_11' title="bbox 83 1169 1346 1233">
     <span class='ocr_line' id='line_1_14' title="bbox 83 1169 1346 1233; baseline 0 -14"><span class='ocrx_word' id='word_1_86' title='bbox 83 1169 278 1233; x_wconf 85' lang='lat' dir='ltr'><strong>decepit</strong></span> <span class='ocrx_word' id='word_1_87' title='bbox 313 1171 470 1230; x_wconf 89' lang='lat' dir='ltr'><strong>tellus,</strong></span> <span class='ocrx_word' id='word_1_88' title='bbox 510 1169 724 1219; x_wconf 90' lang='lat' dir='ltr'><strong>moriens</strong></span> <span class='ocrx_word' id='word_1_89' title='bbox 760 1169 1047 1232; x_wconf 90' lang='lat' dir='ltr'><strong>hiemesque</strong></span> <span class='ocrx_word' id='word_1_90' title='bbox 1084 1171 1346 1233; x_wconf 91' lang='lat' dir='ltr'><strong>Notosque</strong></span> 
     </span>
    </p>
   </div>
   <div class='ocr_carea' id='block_1_9' title="bbox 7 1249 1227 1325">
    <p class='ocr_par' dir='ltr' id='par_1_12' title="bbox 7 1249 1227 1325">
     <span class='ocr_line' id='line_1_15' title="bbox 7 1249 1227 1325; baseline -0.002 -25"><span class='ocrx_word' id='word_1_91' title='bbox 7 1290 9 1299; x_wconf 24' lang='grc' dir='ltr'><em>Α</em></span> <span class='ocrx_word' id='word_1_92' title='bbox 36 1315 38 1318; x_wconf 22' lang='grc' dir='ltr'>Ι</span> <span class='ocrx_word' id='word_1_93' title='bbox 83 1251 250 1306; x_wconf 89' lang='lat' dir='ltr'><strong>laudat</strong></span> <span class='ocrx_word' id='word_1_94' title='bbox 285 1259 334 1299; x_wconf 92' lang='lat' dir='ltr'><strong>et</strong></span> <span class='ocrx_word' id='word_1_95' title='bbox 368 1250 551 1313; x_wconf 88' lang='lat' dir='ltr'><strong>experti</strong></span> <span class='ocrx_word' id='word_1_96' title='bbox 587 1249 790 1325; x_wconf 87' lang='lat' dir='ltr'><strong>meliora</strong></span> <span class='ocrx_word' id='word_1_97' title='bbox 823 1250 1040 1313; x_wconf 90' lang='lat' dir='ltr'><strong>pericula</strong></span> <span class='ocrx_word' id='word_1_98' title='bbox 1073 1249 1227 1313; x_wconf 89' lang='lat' dir='ltr'><strong>ponti.</strong></span> 
     </span>
    </p>
   </div>
   <div class='ocr_carea' id='block_1_10' title="bbox 149 1330 1490 1396">
    <p class='ocr_par' dir='ltr' id='par_1_13' title="bbox 149 1330 1490 1396">
     <span class='ocr_line' id='line_1_16' title="bbox 149 1330 1490 1396; baseline -0.001 -17"><span class='ocrx_word' id='word_1_99' title='bbox 149 1330 340 1394; x_wconf 92' lang='lat' dir='ltr'><strong>Aspicit</strong></span> <span class='ocrx_word' id='word_1_100' title='bbox 374 1332 462 1379; x_wconf 89' lang='lat' dir='ltr'><strong>has</strong></span> <span class='ocrx_word' id='word_1_101' title='bbox 498 1333 643 1393; x_wconf 91' lang='lat' dir='ltr'><strong>longe</strong></span> <span class='ocrx_word' id='word_1_102' title='bbox 678 1330 970 1380; x_wconf 89' lang='lat' dir='ltr'><strong>iamdudum</strong></span> <span class='ocrx_word' id='word_1_103' title='bbox 1005 1330 1221 1396; x_wconf 83' lang='lat' dir='ltr'><strong>Asopius</strong></span> <span class='ocrx_word' id='word_1_104' title='bbox 1256 1332 1490 1393; x_wconf 89' lang='lat' dir='ltr'><strong>Hypseus</strong></span> 
     </span>
    </p>
   </div>
   <div class='ocr_carea' id='block_1_11' title="bbox 7 1401 1328 1474">
    <p class='ocr_par' dir='ltr' id='par_1_14' title="bbox 7 1401 1328 1474">
     <span class='ocr_line' id='line_1_17' title="bbox 7 1401 1328 1474; baseline 0 -16"><span class='ocrx_word' id='word_1_105' title='bbox 7 1401 8 1407; x_wconf 10' lang='grc' dir='ltr'>ἵ</span> <span class='ocrx_word' id='word_1_106' title='bbox 81 1412 334 1474; x_wconf 90' lang='lat' dir='ltr'><strong>palantum</strong></span> <span class='ocrx_word' id='word_1_107' title='bbox 369 1410 538 1473; x_wconf 89' lang='lat' dir='ltr'><strong>stragis</strong></span> <span class='ocrx_word' id='word_1_108' title='bbox 573 1411 810 1473; x_wconf 91' lang='lat' dir='ltr'><strong>ardetque</strong></span> <span class='ocrx_word' id='word_1_109' title='bbox 845 1419 1073 1461; x_wconf 84' lang='lat' dir='ltr'><strong>avertere·</strong></span> <span class='ocrx_word' id='word_1_110' title='bbox 1095 1427 1328 1473; x_wconf 85' lang='lat' dir='ltr'><strong>pugnam,</strong></span> 
     </span>
    </p>
   </div>
   <div class='ocr_carea' id='block_1_12' title="bbox 81 1489 1733 1636">
    <p class='ocr_par' dir='ltr' id='par_1_15' title="bbox 81 1489 1733 1636">
     <span class='ocr_line' id='line_1_18' title="bbox 82 1489 1733 1554; baseline -0.001 -14"><span class='ocrx_word' id='word_1_111' title='bbox 82 1507 382 1554; x_wconf 90' lang='lat' dir='ltr'><strong>quamquam</strong></span> <span class='ocrx_word' id='word_1_112' title='bbox 417 1491 551 1541; x_wconf 91' lang='lat' dir='ltr'><strong>haud</strong></span> <span class='ocrx_word' id='word_1_113' title='bbox 585 1490 691 1554; x_wconf 92' lang='lat' dir='ltr'><strong>ipse</strong></span> <span class='ocrx_word' id='word_1_114' title='bbox 727 1490 889 1539; x_wconf 90' lang='lat' dir='ltr'><strong>minus</strong></span> <span class='ocrx_word' id='word_1_115' title='bbox 924 1507 1067 1539; x_wconf 90' lang='lat' dir='ltr'><strong>curru</strong></span> <span class='ocrx_word' id='word_1_116' title='bbox 1102 1489 1367 1553; x_wconf 79' lang='lat' dir='ltr'><strong>Tirynthia</strong></span> <span class='ocrx_word' id='word_1_117' title='bbox 1394 1491 1609 1540; x_wconf 90' lang='lat' dir='ltr'><strong>fundens</strong></span> <span class='ocrx_word' id='word_1_118' title='bbox 1652 1504 1733 1554; x_wconf 76' lang='lat'><strong>725·</strong></span> 
     </span>
     <span class='ocr_line' id='line_1_19' title="bbox 81 1569 1515 1636; baseline 0 -16"><span class='ocrx_word' id='word_1_119' title='bbox 81 1570 290 1631; x_wconf 74' lang='lat' dir='ltr'><strong>robora,</strong></span> <span class='ocrx_word' id='word_1_120' title='bbox 336 1571 424 1619; x_wconf 91' lang='lat' dir='ltr'><strong>sed</strong></span> <span class='ocrx_word' id='word_1_121' title='bbox 458 1569 564 1619; x_wconf 92' lang='lat' dir='ltr'><strong>viso</strong></span> <span class='ocrx_word' id='word_1_122' title='bbox 598 1587 829 1633; x_wconf 89' lang='lat' dir='ltr'><strong>praesens</strong></span> <span class='ocrx_word' id='word_1_123' title='bbox 865 1570 1026 1636; x_wconf 83' lang='lat' dir='ltr'><strong>minor</strong></span> <span class='ocrx_word' id='word_1_124' title='bbox 1059 1587 1242 1634; x_wconf 91' lang='lat' dir='ltr'><strong>augure</strong></span> <span class='ocrx_word' id='word_1_125' title='bbox 1278 1570 1475 1635; x_wconf 90' lang='lat' dir='ltr'><strong>sanguis</strong></span> <span class='ocrx_word' id='word_1_126' title='bbox 1505 1590 1515 1620; x_wconf 91' lang='lat'>:</span> 
     </span>
    </p>
   </div>
   <div class='ocr_carea' id='block_1_13' title="bbox 32 1647 1454 1795">
    <p class='ocr_par' dir='ltr' id='par_1_16' title="bbox 28 1647 1454 1804">
     <span class='ocr_line' id='line_1_20' title="bbox 32 1647 1454 1714; baseline 0.001 -15"><span class='ocrx_word' id='word_1_127' title='bbox 32 1678 36 1688; x_wconf 58' lang='grc' dir='ltr'><strong><em>ι</em></strong></span> <span class='ocrx_word' id='word_1_128' title='bbox 81 1647 219 1699; x_wconf 88' lang='lat' dir='ltr'><strong>illum</strong></span> <span class='ocrx_word' id='word_1_129' title='bbox 253 1649 399 1699; x_wconf 92' lang='lat' dir='ltr'><strong>armis</strong></span> <span class='ocrx_word' id='word_1_130' title='bbox 433 1649 710 1714; x_wconf 88' lang='lat' dir='ltr'><strong>animisque</strong></span> <span class='ocrx_word' id='word_1_131' title='bbox 745 1650 895 1713; x_wconf 93' lang='lat' dir='ltr'><strong>cupit.</strong></span> <span class='ocrx_word' id='word_1_132' title='bbox 950 1650 1247 1714; x_wconf 87' lang='lat' dir='ltr'><strong>prohibebat</strong></span> <span class='ocrx_word' id='word_1_133' title='bbox 1281 1650 1454 1714; x_wconf 94' lang='lat' dir='ltr'><strong>iniquo</strong></span> 
     </span>
     <span class='ocr_line' id='line_1_21' title="bbox 79 1729 1404 1795; baseline 0.002 -16.889"><span class='ocrx_word' id='word_1_134' title='bbox 79 1729 274 1793; x_wconf 86' lang='lat' dir='ltr'><strong>agmine</strong></span> <span class='ocrx_word' id='word_1_135' title='bbox 309 1739 590 1780; x_wconf 92' lang='lat' dir='ltr'><strong>consertum</strong></span> <span class='ocrx_word' id='word_1_136' title='bbox 625 1731 771 1780; x_wconf 88' lang='lat' dir='ltr'><strong>cunei</strong></span> <span class='ocrx_word' id='word_1_137' title='bbox 805 1733 964 1793; x_wconf 70' lang='lat' dir='ltr'><strong>latus,</strong></span> <span class='ocrx_word' id='word_1_138' title='bbox 1010 1731 1128 1781; x_wconf 92' lang='lat' dir='ltr'><strong>inde</strong></span> <span class='ocrx_word' id='word_1_139' title='bbox 1164 1732 1404 1795; x_wconf 90' lang='lat' dir='ltr'><strong>superbus</strong></span> 
     </span>
    </p>
   </div>
   <div class='ocr_carea' id='block_1_14' title="bbox 80 1809 1121 1875">
    <p class='ocr_par' dir='ltr' id='par_1_17' title="bbox 80 1809 1121 1875">
     <span class='ocr_line' id='line_1_22' title="bbox 80 1809 1121 1875; baseline 0.002 -17"><span class='ocrx_word' id='word_1_140' title='bbox 80 1809 288 1859; x_wconf 87' lang='lat' dir='ltr'><strong>exseruit</strong></span> <span class='ocrx_word' id='word_1_141' title='bbox 321 1811 487 1874; x_wconf 92' lang='lat' dir='ltr'><strong>patriis</strong></span> <span class='ocrx_word' id='word_1_142' title='bbox 522 1813 733 1860; x_wconf 91' lang='lat' dir='ltr'><strong>electum</strong></span> <span class='ocrx_word' id='word_1_143' title='bbox 769 1811 951 1861; x_wconf 85' lang='lat' dir='ltr'><strong>missile</strong></span> <span class='ocrx_word' id='word_1_144' title='bbox 985 1811 1121 1875; x_wconf 80' lang='lat' dir='ltr'><strong>ripis,</strong></span> 
     </span>
    </p>
   </div>
   <div class='ocr_carea' id='block_1_15' title="bbox 21 1889 1738 1956">
    <p class='ocr_par' dir='ltr' id='par_1_18' title="bbox 21 1889 1738 1956">
     <span class='ocr_line' id='line_1_23' title="bbox 21 1889 1738 1956; baseline 0.003 -17"><span class='ocrx_word' id='word_1_145' title='bbox 21 1889 27 1894; x_wconf 78' lang='grc'><strong><em>’</em></strong></span> <span class='ocrx_word' id='word_1_146' title='bbox 79 1906 138 1940; x_wconf 90' lang='lat' dir='ltr'><strong>ac</strong></span> <span class='ocrx_word' id='word_1_147' title='bbox 171 1890 336 1954; x_wconf 88' lang='lat' dir='ltr'><strong>prius:</strong></span> <span class='ocrx_word' id='word_1_148' title='bbox 388 1891 669 1941; x_wconf 91' lang='lat' dir='ltr'><strong>‘Aonidum</strong></span> <span class='ocrx_word' id='word_1_149' title='bbox 704 1891 840 1942; x_wconf 90' lang='lat' dir='ltr'><strong>dives</strong></span> <span class='ocrx_word' id='word_1_150' title='bbox 864 1892 1061 1956; x_wconf 88' lang='lat' dir='ltr'><strong>largitor</strong></span> <span class='ocrx_word' id='word_1_151' title='bbox 1094 1909 1348 1956; x_wconf 90' lang='lat' dir='ltr'><strong>aquarum,</strong></span> <span class='ocrx_word' id='word_1_152' title='bbox 1657 1909 1738 1955; x_wconf 82' lang='lat'><strong>730</strong></span> 
     </span>
    </p>
   </div>
   <div class='ocr_carea' id='block_1_16' title="bbox 79 1971 1640 2280">
    <p class='ocr_par' dir='ltr' id='par_1_19' title="bbox 79 1971 1275 2037">
     <span class='ocr_line' id='line_1_24' title="bbox 79 1971 1275 2037; baseline 0.008 -19"><span class='ocrx_word' id='word_1_153' title='bbox 79 1972 208 2021; x_wconf 87' lang='lat' dir='ltr'><strong>clare</strong></span> <span class='ocrx_word' id='word_1_154' title='bbox 244 1971 495 2035; x_wconf 88' lang='lat' dir='ltr'><strong>Giganteis</strong></span> <span class='ocrx_word' id='word_1_155' title='bbox 531 1972 816 2034; x_wconf 89' lang='lat' dir='ltr'><strong>etiamnum,</strong></span> <span class='ocrx_word' id='word_1_156' title='bbox 853 1976 1044 2037; x_wconf 83' lang='lat' dir='ltr'><strong>Asope,¹</strong></span> <span class='ocrx_word' id='word_1_157' title='bbox 1074 1973 1275 2034; x_wconf 86' lang='lat' dir='ltr'><strong>favillis,..</strong></span> 
     </span>
    </p>

    <p class='ocr_par' dir='ltr' id='par_1_20' title="bbox 80 2052 1640 2280">
     <span class='ocr_line' id='line_1_25' title="bbox 80 2052 1432 2118; baseline 0.001 -17"><span class='ocrx_word' id='word_1_158' title='bbox 80 2052 146 2101; x_wconf 90' lang='lat' dir='ltr'><strong>da</strong></span> <span class='ocrx_word' id='word_1_159' title='bbox 179 2068 365 2101; x_wconf 91' lang='lat' dir='ltr'><strong>numen</strong></span> <span class='ocrx_word' id='word_1_160' title='bbox 400 2054 628 2101; x_wconf 85' lang='lat' dir='ltr'><strong>dextrae:</strong></span> <span class='ocrx_word' id='word_1_161' title='bbox 676 2062 814 2116; x_wconf 92' lang='lat' dir='ltr'><strong>rogat</strong></span> <span class='ocrx_word' id='word_1_162' title='bbox 848 2055 945 2103; x_wconf 92' lang='lat' dir='ltr'><strong>hoc</strong></span> <span class='ocrx_word' id='word_1_163' title='bbox 980 2063 1226 2117; x_wconf 89' lang='lat' dir='ltr'><strong>natusque</strong></span> <span class='ocrx_word' id='word_1_164' title='bbox 1261 2053 1432 2118; x_wconf 92' lang='lat' dir='ltr'><strong>tuique</strong></span> 
     </span>
     <span class='ocr_line' id='line_1_26' title="bbox 80 2133 1640 2199; baseline 0.003 -19"><span class='ocrx_word' id='word_1_165' title='bbox 80 2148 290 2195; x_wconf 91' lang='lat' dir='ltr'><strong>quercus</strong></span> <span class='ocrx_word' id='word_1_166' title='bbox 324 2134 524 2181; x_wconf 91' lang='lat' dir='ltr'><strong>alumna</strong></span> <span class='ocrx_word' id='word_1_167' title='bbox 558 2133 671 2182; x_wconf 92' lang='lat' dir='ltr'><strong>vadi</strong></span> <span class='ocrx_word' id='word_1_168' title='bbox 688 2151 702 2194; x_wconf 78' lang='lat'>3</span> <span class='ocrx_word' id='word_1_169' title='bbox 748 2135 820 2182; x_wconf 89' lang='lat' dir='ltr'><strong>fas</strong></span> <span class='ocrx_word' id='word_1_170' title='bbox 857 2143 905 2183; x_wconf 90' lang='lat' dir='ltr'><strong>et</strong></span> <span class='ocrx_word' id='word_1_171' title='bbox 941 2134 1062 2183; x_wconf 90' lang='lat' dir='ltr'><strong>mihi</strong></span> <span class='ocrx_word' id='word_1_172' title='bbox 1098 2151 1326 2199; x_wconf 91' lang='lat' dir='ltr'><strong>spernere</strong></span> <span class='ocrx_word' id='word_1_173' title='bbox 1362 2137 1640 2198; x_wconf 91' lang='lat' dir='ltr'><strong>Phoebum,</strong></span> 
     </span>
     <span class='ocr_line' id='line_1_27' title="bbox 81 2211 1375 2280; baseline 0.004 -20"><span class='ocrx_word' id='word_1_174' title='bbox 81 2211 122 2260; x_wconf 91' lang='lat' dir='ltr'><strong>si</strong></span> <span class='ocrx_word' id='word_1_175' title='bbox 156 2211 246 2260; x_wconf 89' lang='lat' dir='ltr'><strong>tibi</strong></span> <span class='ocrx_word' id='word_1_176' title='bbox 281 2214 502 2261; x_wconf 88' lang='lat' dir='ltr'><strong>conlatus</strong></span> <span class='ocrx_word' id='word_1_177' title='bbox 539 2213 709 2262; x_wconf 90' lang='lat' dir='ltr'><strong>divum</strong></span> <span class='ocrx_word' id='word_1_178' title='bbox 745 2224 908 2277; x_wconf 69' lang='lat' dir='ltr'><strong>sator,</strong></span> <span class='ocrx_word' id='word_1_179' title='bbox 957 2215 1128 2265; x_wconf 89' lang='lat' dir='ltr'><strong>omnia-</strong></span> <span class='ocrx_word' id='word_1_180' title='bbox 1159 2233 1375 2280; x_wconf 88' lang='lat' dir='ltr'><strong>mergam</strong></span> 
     </span>
    </p>
   </div>
   <div class='ocr_carea' id='block_1_17' title="bbox 0 2291 1735 2361">
    <p class='ocr_par' dir='ltr' id='par_1_21' title="bbox 0 2291 1735 2361">
     <span class='ocr_line' id='line_1_28' title="bbox 0 2291 1735 2361; baseline 0.006 -22"><span class='ocrx_word' id='word_1_181' title='bbox 0 2312 1 2338; x_wconf 73' lang='grc' dir='ltr'><strong>ς</strong></span> <span class='ocrx_word' id='word_1_182' title='bbox 79 2291 299 2341; x_wconf 89' lang='lat' dir='ltr'><strong>fontibus</strong></span> <span class='ocrx_word' id='word_1_183' title='bbox 333 2310 467 2342; x_wconf 90' lang='lat' dir='ltr'><strong>arma</strong></span> <span class='ocrx_word' id='word_1_184' title='bbox 502 2293 596 2343; x_wconf 89' lang='lat' dir='ltr'><strong>tuis</strong></span> <span class='ocrx_word' id='word_1_185' title='bbox 631 2294 878 2358; x_wconf 91' lang='lat' dir='ltr'><strong>tristisque</strong></span> <span class='ocrx_word' id='word_1_186' title='bbox 914 2295 1019 2346; x_wconf 91' lang='lat' dir='ltr'><strong>sine</strong></span> <span class='ocrx_word' id='word_1_187' title='bbox 1053 2313 1236 2359; x_wconf 89' lang='lat' dir='ltr'><strong>augure</strong></span> <span class='ocrx_word' id='word_1_188' title='bbox 1271 2297 1445 2347; x_wconf 86' lang='lat' dir='ltr'><strong>vittas.’</strong></span> <span class='ocrx_word' id='word_1_189' title='bbox 1658 2316 1735 2361; x_wconf 79' lang='lat'><strong>735</strong></span> 
     </span>
    </p>
   </div>
   <div class='ocr_carea' id='block_1_18' title="bbox 79 2372 1297 2441">
    <p class='ocr_par' dir='ltr' id='par_1_22' title="bbox 79 2372 1297 2441">
     <span class='ocr_line' id='line_1_29' title="bbox 79 2372 1297 2441; baseline 0.004 -20"><span class='ocrx_word' id='word_1_190' title='bbox 79 2372 299 2426; x_wconf 87' lang='lat' dir='ltr'><strong>audierat</strong></span> <span class='ocrx_word' id='word_1_191' title='bbox 331 2373 552 2436; x_wconf 87' lang='lat' dir='ltr'><strong>genitor:</strong></span> <span class='ocrx_word' id='word_1_192' title='bbox 599 2383 730 2424; x_wconf 92' lang='lat' dir='ltr'><strong>vetat</strong></span> <span class='ocrx_word' id='word_1_193' title='bbox 763 2375 1015 2441; x_wconf 91' lang='lat' dir='ltr'><strong>indulgere</strong></span> <span class='ocrx_word' id='word_1_194' title='bbox 1049 2379 1297 2426; x_wconf 88' lang='lat' dir='ltr'><strong>volentem</strong></span> 
     </span>
    </p>
   </div>
   <div class='ocr_carea' id='block_1_19' title="bbox 135 2500 1737 2566">
    <p class='ocr_par' dir='ltr' id='par_1_23' title="bbox 135 2500 1737 2566">
     <span class='ocr_line' id='line_1_30' title="bbox 135 2500 1737 2566; baseline 0.007 -28"><span class='ocrx_word' id='word_1_195' title='bbox 135 2511 214 2549; x_wconf 88' lang='lat'><strong>709</strong></span> <span class='ocrx_word' id='word_1_196' title='bbox 241 2500 351 2540; x_wconf 85' lang='lat' dir='ltr'><strong>ferro</strong></span> <span class='ocrx_word' id='word_1_197' title='bbox 380 2501 548 2552; x_wconf 89' lang='lat' dir='ltr'><strong>plebem</strong></span> <span class='ocrx_word' id='word_1_198' title='bbox 568 2503 655 2542; x_wconf 91' lang='grc' dir='ltr'><strong>ΡΝ</strong></span> <span class='ocrx_word' id='word_1_199' title='bbox 669 2518 679 2542; x_wconf 91' lang='lat'>:</span> <span class='ocrx_word' id='word_1_200' title='bbox 718 2504 884 2555; x_wconf 87' lang='lat' dir='ltr'><strong>plebem</strong></span> <span class='ocrx_word' id='word_1_201' title='bbox 907 2506 975 2556; x_wconf 87' lang='lat' dir='ltr'><strong>(ex</strong></span> <span class='ocrx_word' id='word_1_202' title='bbox 998 2507 1206 2557; x_wconf 89' lang='lat' dir='ltr'><strong>phoebem</strong></span> <span class='ocrx_word' id='word_1_203' title='bbox 1226 2520 1323 2548; x_wconf 89' lang='lat' dir='ltr'><strong>corr.</strong></span> <span class='ocrx_word' id='word_1_204' title='bbox 1348 2507 1404 2557; x_wconf 83' lang='lat' dir='ltr'><strong>Q)</strong></span> <span class='ocrx_word' id='word_1_205' title='bbox 1434 2509 1543 2549; x_wconf 88' lang='lat' dir='ltr'><strong>ferro</strong></span> <span class='ocrx_word' id='word_1_206' title='bbox 1561 2509 1737 2566; x_wconf 77' lang='lat' dir='ltr'><em>BDKQ</em></span> 
     </span>
    </p>
   </div>
   <div class='ocr_carea' id='block_1_20' title="bbox 32 2554 1732 2616">
    <p class='ocr_par' dir='ltr' id='par_1_24' title="bbox 32 2554 1732 2616">
     <span class='ocr_line' id='line_1_31' title="bbox 32 2554 1732 2616; baseline 0.007 -25"><span class='ocrx_word' id='word_1_207' title='bbox 32 2595 34 2598; x_wconf 14' lang='grc' dir='ltr'><em>Α</em></span> <span class='ocrx_word' id='word_1_208' title='bbox 80 2565 161 2603; x_wconf 87' lang='lat'><strong>710</strong></span> <span class='ocrx_word' id='word_1_209' title='bbox 188 2559 260 2593; x_wconf 89' lang='lat' dir='ltr'><strong>aut</strong></span> <span class='ocrx_word' id='word_1_210' title='bbox 287 2554 403 2594; x_wconf 88' lang='lat' dir='ltr'><strong>iuvat</strong></span> <span class='ocrx_word' id='word_1_211' title='bbox 431 2556 474 2594; x_wconf 92' lang='lat' dir='ltr'><em>P</em></span> <span class='ocrx_word' id='word_1_212' title='bbox 652 2570 729 2608; x_wconf 89' lang='lat'><strong>714</strong></span> <span class='ocrx_word' id='word_1_213' title='bbox 758 2572 844 2598; x_wconf 91' lang='lat' dir='ltr'><strong>non</strong></span> <span class='ocrx_word' id='word_1_214' title='bbox 872 2561 1002 2599; x_wconf 89' lang='lat' dir='ltr'><strong>missa</strong></span> <span class='ocrx_word' id='word_1_215' title='bbox 1029 2560 1093 2599; x_wconf 89' lang='lat' dir='ltr'><strong>P:</strong></span> <span class='ocrx_word' id='word_1_216' title='bbox 1135 2574 1217 2611; x_wconf 76' lang='lat' dir='ltr'><strong>non</strong></span> <span class='ocrx_word' id='word_1_217' title='bbox 1247 2562 1320 2613; x_wconf 92' lang='lat' dir='ltr'><strong>(de</strong></span> <span class='ocrx_word' id='word_1_218' title='bbox 1348 2564 1570 2616; x_wconf 83' lang='lat' dir='ltr'><strong>suprascr.)</strong></span> <span class='ocrx_word' id='word_1_219' title='bbox 1602 2566 1732 2604; x_wconf 88' lang='lat' dir='ltr'><strong>missa</strong></span> 
     </span>
    </p>
   </div>
   <div class='ocr_carea' id='block_1_21' title="bbox 78 2607 1736 2877">
    <p class='ocr_par' dir='ltr' id='par_1_25' title="bbox 78 2607 1736 2877">
     <span class='ocr_line' id='line_1_32' title="bbox 79 2607 1733 2669; baseline 0.008 -24"><span class='ocrx_word' id='word_1_220' title='bbox 79 2607 146 2647; x_wconf 83' lang='lat' dir='ltr'><strong>B:</strong></span> <span class='ocrx_word' id='word_1_221' title='bbox 180 2607 356 2669; x_wconf 72' lang='lat' dir='ltr'><strong>dimissa</strong></span> <span class='ocrx_word' id='word_1_222' title='bbox 385 2609 459 2649; x_wconf 89' lang='lat' dir='ltr'><strong>N:</strong></span> <span class='ocrx_word' id='word_1_223' title='bbox 501 2611 683 2651; x_wconf 89' lang='lat' dir='ltr'><strong>demissa</strong></span> <span class='ocrx_word' id='word_1_224' title='bbox 710 2612 820 2653; x_wconf 88' lang='lat' dir='ltr'><strong>codd.</strong></span> <span class='ocrx_word' id='word_1_225' title='bbox 843 2614 967 2664; x_wconf 64' lang='lat' dir='ltr'><strong>plen:</strong></span> <span class='ocrx_word' id='word_1_226' title='bbox 1011 2628 1124 2654; x_wconf 91' lang='lat' dir='ltr'><strong>nunc</strong></span> <span class='ocrx_word' id='word_1_227' title='bbox 1152 2616 1279 2654; x_wconf 90' lang='lat' dir='ltr'><strong>missa</strong></span> <span class='ocrx_word' id='word_1_228' title='bbox 1315 2614 1482 2656; x_wconf 83' lang='lat' dir='ltr'><strong>Vollmer</strong></span> <span class='ocrx_word' id='word_1_229' title='bbox 1654 2622 1733 2668; x_wconf 83' lang='lat'><strong>716</strong></span> 
     </span>
     <span class='ocr_line' id='line_1_33' title="bbox 79 2661 1732 2721; baseline 0.007 -21"><span class='ocrx_word' id='word_1_230' title='bbox 79 2661 306 2719; x_wconf 82' lang='lat' dir='ltr'><strong>demiserat</strong></span> <span class='ocrx_word' id='word_1_231' title='bbox 325 2661 393 2702; x_wconf 86' lang='lat' dir='ltr'><strong>P:</strong></span> <span class='ocrx_word' id='word_1_232' title='bbox 421 2664 636 2704; x_wconf 89' lang='lat' dir='ltr'><strong>dimiserat</strong></span> <span class='ocrx_word' id='word_1_233' title='bbox 655 2665 725 2704; x_wconf 70' lang='grc' dir='ltr'><strong>ωδ</strong></span> <span class='ocrx_word' id='word_1_234' title='bbox 885 2681 961 2718; x_wconf 87' lang='lat'><strong>721</strong></span> <span class='ocrx_word' id='word_1_235' title='bbox 993 2669 1241 2708; x_wconf 86' lang='lat' dir='ltr'><strong>morientem</strong></span> <span class='ocrx_word' id='word_1_236' title='bbox 1258 2669 1307 2708; x_wconf 90' lang='lat' dir='ltr'><em>N</em></span> <span class='ocrx_word' id='word_1_237' title='bbox 1430 2684 1509 2721; x_wconf 90' lang='lat'><strong>724</strong></span> <span class='ocrx_word' id='word_1_238' title='bbox 1538 2678 1732 2712; x_wconf 85' lang='lat' dir='ltr'><strong>avertere</strong></span> 
     </span>
     <span class='ocr_line' id='line_1_34' title="bbox 80 2715 1736 2775; baseline 0.008 -22"><span class='ocrx_word' id='word_1_239' title='bbox 80 2715 172 2766; x_wconf 84' lang='lat' dir='ltr'><strong>(ad-</strong></span> <span class='ocrx_word' id='word_1_240' title='bbox 189 2718 415 2768; x_wconf 85' lang='lat' dir='ltr'><strong>suprascr.)</strong></span> <span class='ocrx_word' id='word_1_241' title='bbox 435 2716 480 2755; x_wconf 92' lang='lat' dir='ltr'><em>D</em></span> <span class='ocrx_word' id='word_1_242' title='bbox 627 2732 702 2769; x_wconf 88' lang='lat'><strong>725</strong></span> <span class='ocrx_word' id='word_1_243' title='bbox 732 2721 913 2763; x_wconf 86' lang='lat' dir='ltr'><strong>fundens</strong></span> <span class='ocrx_word' id='word_1_244' title='bbox 932 2722 996 2761; x_wconf 86' lang='lat' dir='ltr'><strong>P:</strong></span> <span class='ocrx_word' id='word_1_245' title='bbox 1025 2723 1164 2762; x_wconf 86' lang='lat' dir='ltr'><strong>fundit</strong></span> <span class='ocrx_word' id='word_1_246' title='bbox 1183 2721 1250 2762; x_wconf 72' lang='grc' dir='ltr'><strong>ωδ</strong></span> <span class='ocrx_word' id='word_1_247' title='bbox 1393 2737 1472 2775; x_wconf 86' lang='lat'><strong>729</strong></span> <span class='ocrx_word' id='word_1_248' title='bbox 1491 2726 1674 2765; x_wconf 87' lang='lat' dir='ltr'><strong>eiectum</strong></span> <span class='ocrx_word' id='word_1_249' title='bbox 1693 2727 1736 2766; x_wconf 93' lang='lat' dir='ltr'><em>P</em></span> 
     </span>
     <span class='ocr_line' id='line_1_35' title="bbox 79 2772 1727 2834; baseline 0.008 -28"><span class='ocrx_word' id='word_1_250' title='bbox 79 2779 157 2818; x_wconf 81' lang='lat'><strong>732</strong></span> <span class='ocrx_word' id='word_1_251' title='bbox 183 2775 348 2819; x_wconf 88' lang='lat' dir='ltr'><strong>notusq.</strong></span> <span class='ocrx_word' id='word_1_252' title='bbox 369 2772 413 2822; x_wconf 88' lang='lat' dir='ltr'><strong>(a</strong></span> <span class='ocrx_word' id='word_1_253' title='bbox 430 2778 521 2823; x_wconf 87' lang='lat' dir='ltr'><strong>sup.</strong></span> <span class='ocrx_word' id='word_1_254' title='bbox 544 2785 569 2811; x_wconf 91' lang='grc' dir='ltr'>ο</span> <span class='ocrx_word' id='word_1_255' title='bbox 589 2772 708 2829; x_wconf 88' lang='lat' dir='ltr'><strong>add.)</strong></span> <span class='ocrx_word' id='word_1_256' title='bbox 727 2775 772 2814; x_wconf 93' lang='lat' dir='ltr'><em>D</em></span> <span class='ocrx_word' id='word_1_257' title='bbox 978 2789 1056 2828; x_wconf 88' lang='lat'><strong>733</strong></span> <span class='ocrx_word' id='word_1_258' title='bbox 1086 2777 1190 2817; x_wconf 92' lang='lat' dir='ltr'><strong>mihi</strong></span> <span class='ocrx_word' id='word_1_259' title='bbox 1208 2777 1356 2830; x_wconf 79' lang='lat' dir='ltr'><em>PBQ:</em></span> <span class='ocrx_word' id='word_1_260' title='bbox 1385 2792 1425 2818; x_wconf 91' lang='lat' dir='ltr'><strong>m</strong></span> <span class='ocrx_word' id='word_1_261' title='bbox 1449 2779 1480 2833; x_wconf 79' lang='lat' dir='ltr'><strong>(i</strong></span> <span class='ocrx_word' id='word_1_262' title='bbox 1502 2781 1727 2834; x_wconf 85' lang='lat' dir='ltr'><strong>suprascr.)</strong></span> 
     </span>
     <span class='ocr_line' id='line_1_36' title="bbox 78 2821 1734 2877; baseline 0.005 -16"><span class='ocrx_word' id='word_1_263' title='bbox 78 2821 148 2862; x_wconf 82' lang='lat' dir='ltr'><strong>D:</strong></span> <span class='ocrx_word' id='word_1_264' title='bbox 176 2835 244 2863; x_wconf 88' lang='lat' dir='ltr'><strong>me</strong></span> <span class='ocrx_word' id='word_1_265' title='bbox 261 2823 395 2877; x_wconf 83' lang='lat' dir='ltr'><strong>KNS,</strong></span> <span class='ocrx_word' id='word_1_266' title='bbox 416 2825 583 2876; x_wconf 81' lang='lat' dir='ltr'><em>Bentley</em></span> <span class='ocrx_word' id='word_1_267' title='bbox 1732 2831 1734 2834; x_wconf 78' lang='grc'><strong>’</strong></span> 
     </span>
    </p>
   </div>
   <div class='ocr_carea' id='block_1_22' title="bbox 1545 2901 1623 2942">
    <p class='ocr_par' dir='ltr' id='par_1_26' title="bbox 1545 2901 1623 2942">
     <span class='ocr_line' id='line_1_37' title="bbox 1545 2901 1623 2942; baseline 0.026 -2"><span class='ocrx_word' id='word_1_268' title='bbox 1545 2901 1623 2942; x_wconf 88' lang='grc'><strong>13*</strong></span> 
     </span>
    </p>
   </div>
  </div>
 </body>
</html>
