1884 3204
148 76 198 124 P.
238 75 481 125 ΡΑΡΙΝΙ
516 77 721 127 STATI

142 210 195 260 in
231 230 365 264 mare
399 217 491 265 fert
525 216 746 276 hiemes;
792 216 988 281 penitus
1025 234 1215 267 cessere
1249 218 1444 281 fugatae

142 294 383 345 Nereides
418 297 653 360 dulcique
687 297 864 347 timent
899 314 1153 347 occurrere
1187 307 1358 362 ponto.
1411 332 1414 336 ι

208 374 382 425 Tristis
407 386 457 425 at
491 377 610 427 inde
644 379 850 441 gradum
887 379 1026 428 tarde
1061 387 1229 427 movet
1265 379 1453 428 Inacha
1487 378 1661 444 pubeS,

140 456 404 520 praecipue
441 460 592 507 Eleae
629 457 1157 522 Lacedaemoniaeque
1192 460 1421 508 cohortes

139 544 189 584 et
225 537 348 600 Pylii
365 556 380 599 ,-
426 538 646 601 subitum
682 557 799 589 nam
834 539 1206 590 Thiodamanta
1241 548 1514 603 sequuntur
1717 545 1798 605 3⁶⁵

138 615 322 680 augure
356 619 584 681 fraudati,
617 622 835 670 necdum
870 637 1121 670 accessere
1155 620 1356 684 regenti,

137 714 232 747 nec
268 708 353 749 tua
388 709 450 761 te,
489 700 718 765 princeps
754 701 1020 765 tripodum,
1063 703 1169 750 sola
1202 701 1401 765 agmina
1435 710 1709 765 quaerunt:

138 789 319 829 cuncta
353 783 568 845 phalanx
603 781 698 831 sibi
733 783 907 831 deesse
942 791 1118 846 putat3
1152 782 1315 830 minor
1348 782 1431 831 ille
1465 799 1553 846 per
1587 784 1689 833 alas

138 860 377 924 septimus
415 872 571 912 exstat
605 880 759 926 apex:
809 862 1002 926 liquido
1037 865 1171 912 velut
1205 865 1406 912 aethere
1441 864 1600 912 nubes
1741 918 1744 923 ,

134 940 302 991 invida
337 943 605 992 Parrhasiis
641 960 798 992 unum
834 943 875 992 si
910 945 1136 993 detrahat
1170 943 1325 1004 astris,
1723 961 1815 1008 370·

134 1030 338 1072 truncus
373 1025 536 1074 honor
569 1024 785 1088 plaustri,
824 1041 918 1074 nec
953 1024 1089 1074 idern
1125 1024 1246 1088 riget
1282 1024 1395 1089 igne
1430 1025 1586 1076 reciso
1814 1035 1816 1038 ’

135 1102 251 1163 axis,
291 1113 340 1153 et
375 1104 548 1155 incerti
582 1114 845 1155 numerant
881 1123 969 1155 sua
1006 1105 1166 1155 sidera
1201 1115 1394 1156 nautae.

203 1185 320 1234 Sedi
356 1203 437 1235 am
473 1187 604 1237 bella
638 1196 851 1236 vocant:
898 1186 1018 1237 alias
1054 1204 1183 1236 nova
1219 1204 1423 1251 suggere
1457 1187 1583 1248 viris,

135 1266 377 1331 Calliope,
413 1268 669 1333 maiorque
703 1270 882 1333 chelyn
918 1268 1041 1318 mihi
1076 1270 1248 1318 tendat
1283 1270 1479 1332 Apollo.

132 1348 332 1397 fatalem
368 1350 565 1413 populis
602 1352 730 1400 ultro
766 1349 1088 1414 poscentibus
1124 1351 1298 1399 horam
1722 1366 1807 1416 375*

131 1430 367 1478 admovet
402 1439 506 1480 atra
541 1430 659 1491 dies,
700 1431 978 1495 Stygiisque
1013 1430 1192 1481 emissa
1227 1429 1441 1480 tenebris

135 1511 275 1559 Mors
311 1511 485 1560 fruitur
519 1514 657 1561 caelo
694 1513 1085 1575 bellatoremque
1121 1512 1340 1561 volando

131 1606 366 1655 campum
402 1592 559 1656 operit
594 1592 834 1656 nigroque
868 1592 997 1642 viros
1033 1591 1206 1641 invitat
1241 1591 1392 1651 hiatu,

132 1667 202 1715 nil
237 1670 435 1733 vulgare
470 1672 672 1734 legens:
726 1672 814 1720 sed
851 1687 979 1734 quae
1015 1669 1303 1734 dignissima
1338 1668 1438 1717 vita

132 1749 319 1810 funera,
358 1751 649 1815 praecipuos
684 1751 827 1800 annis
862 1751 1154 1815 animisque,
1195 1759 1400 1800 cruento
1719 1758 1802 1808 380

131 1838 298 1893 ungue
333 1840 507 1892 notat;
554 1832 753 1895 iamque
787 1831 840 1879 in
876 1830 1080 1880 miseros
1116 1848 1327 1895 pensum
1364 1847 1514 1880 omne
1550 1831 1786 1881 Sororum
1814 1864 1819 1865 ν

132 1910 386 1972 scinditur,
425 1921 474 1962 et
511 1913 686 1962 Furiae
722 1921 990 1976 rapuerunt
1024 1911 1137 1961 licia
1173 1911 1351 1960 Parcis.
1823 1913 1825 1917 ’

130 2001 226 2041 stat
262 1994 456 2043 medius
492 1994 679 2058 campis
715 1994 989 2043 etiamnum
1024 1992 1230 2057 cuspide
1266 1992 1396 2042 sicca

131 2074 452 2139 Bellipotens,
489 2075 688 2140 iamque
722 2077 815 2125 hos
851 2075 1081 2139 elipeum,
1120 2074 1218 2122 iam
1253 2073 1396 2123 vertit
1430 2074 1512 2135 ad,
1531 2073 1640 2123 illos

129 2173 266 2205 arma
302 2156 452 2217 ciens,
489 2158 757 2221 aboletque
792 2158 986 2217 domos,
1025 2155 1254 2220 conubia,
1293 2163 1450 2204 natos.
1718 2162 1799 2217 385

130 2237 327 2301 pellitur
363 2247 412 2287 et
446 2238 632 2303 patriae
669 2247 730 2299 et,
771 2238 858 2302 qui
893 2246 1062 2288 mente
1098 2236 1396 2285 novissimus
1432 2235 1544 2296 exit,

129 2318 252 2368 lucis
288 2336 428 2369 amor
443 2338 458 2381 ;
502 2329 637 2369 tenet
671 2320 723 2369 in
758 2318 946 2383 capulis
983 2317 1234 2381 hastisque
1269 2326 1460 2381 paratas

128 2399 199 2449 ira
235 2417 425 2461 manus,
463 2401 759 2465 animusque
795 2403 922 2449 ultra
957 2402 1183 2449 thoracas
1219 2400 1427 2448 anhelus

130 2491 354 2544 conatur,
388 2484 657 2547 galeaeque
692 2491 910 2532 tremunt
946 2483 1146 2531 horrore
1181 2497 1450 2530 comarum.

184 2624 261 2661 371
294 2613 404 2663 riget
435 2612 505 2653 P:
542 2612 651 2652 nitet
681 2612 750 2652 ωδ
960 2612 1043 2661 376
1072 2615 1242 2650 amovet
1272 2610 1321 2648 N
1533 2609 1615 2658 378
1642 2608 1797 2649 amictu
1824 2643 1828 2660 „

130 2666 350 2718 (suprascr.
384 2668 520 2719 hiatu)
550 2667 622 2707 D:
661 2667 814 2706 amictu
854 2665 949 2706 Cod.
984 2664 1130 2716 Magd.
1155 2680 1164 2704 :
1194 2664 1369 2703 investit
1397 2664 1552 2702 amictu
1580 2661 1824 2719 Wakefield*

130 2722 207 2770 381
239 2734 381 2771 ungue
414 2721 563 2772 Barth,
606 2721 803 2773 Bentley:
850 2733 988 2770 angue
1026 2718 1137 2759 codd.
1358 2720 1439 2768 383
1473 2718 1717 2757 etiamnunc
1758 2716 1802 2756 P

128 2776 209 2825 384
238 2776 435 2815 hostilem
463 2776 646 2827 clipeum
673 2775 739 2816 P:
783 2776 947 2826 iamque
977 2774 1057 2814 hos
1087 2774 1231 2825 telum,
1254 2772 1336 2812 iam
1357 2772 1606 2819 Kohlmann
1709 2773 1811 2822 388‘

128 2830 376 2882 animosque
399 2862 409 2873 .
432 2861 443 2871 .
466 2860 477 2871 .
500 2831 680 2871 anhelos
699 2829 739 2868 Ρ
