1884 3204
156 33 207 84 P.
248 31 489 85 PAPINI
527 38 734 87 STATI

153 172 274 222 silva
307 174 436 238 rogis
454 193 467 235 3
512 176 687 224 ardent
723 174 915 225 excisae
949 175 1136 226 viscera
1169 177 1329 240 gentis

154 254 368 304 molibus
404 255 694 305 exstructis:
742 273 974 320 supremo
1011 274 1215 308 munere
1250 259 1468 322 gaudent

153 336 331 399 Ogygii
367 353 568 398 manes;
615 336 834 400 queritur
871 337 1149 389 miserabile
1186 339 1391 388 Graium

152 418 287 466 nuda
322 418 500 466 cohors
535 418 844 482 vetitumque
878 435 1083 482 gemens
1119 419 1440 469 circumvolat
1473 418 1655 483 ignem.

149 497 330 561 accipit
365 507 414 548 et
449 498 581 548 saevi
617 498 775 548 manis
813 500 1030 553 Eteoclis
1066 500 1264 564 iniquos

151 581 539 644 haudquaquam
576 580 749 644 regalis
785 582 946 630 honos
968 599 982 642 3
1029 581 1238 645 Argivus
1274 581 1446 630 haberi

147 661 294 709 frater
327 659 488 709 iussus
522 662 689 710 adhuc
724 669 875 724 atque
911 663 1048 710 exsul
1083 662 1280 725 pellitur
1314 663 1503 712 umbra.

217 745 285 791 At
321 759 424 792 non
459 742 656 806 plebeio
691 743 881 790 fumare
918 744 1196 791 Menoecea
1230 743 1378 792 busto

148 840 231 872 rex
265 822 458 886 genitor
492 822 799 885 Thebaeque
835 821 1018 882 sinunt,
1057 838 1150 871 nec
1185 823 1364 872 robora
1397 823 1545 873 vilem

149 909 429 949 struxerunt
465 899 529 948 de
565 915 703 948 more
738 915 946 962 rogum3
992 900 1081 948 sed
1117 899 1324 949 bellicus
1359 917 1505 964 agger

146 980 369 1030 curribus
405 989 454 1030 et
489 980 661 1044 clipeis
695 979 1061 1043 Graiorumque
1096 980 1330 1030 omnibus
1363 981 1512 1031 armis

147 1061 413 1123 sternitur3
458 1061 652 1110 hostilis
689 1077 836 1125 super
871 1060 990 1124 ipse,
1030 1070 1085 1109 ut
1119 1060 1288 1122 victor,
1326 1078 1528 1111 acervos

144 1143 360 1207 pacifera
393 1145 531 1192 lauro
567 1141 754 1192 crinem
790 1141 1024 1206 vittisque
1061 1143 1272 1192 decorus

142 1225 383 1273 accubat:
424 1226 560 1273 haud
594 1223 735 1273 aliter
769 1240 921 1287 quam
958 1240 1074 1272 cum
1109 1223 1433 1287 poscentibus
1467 1224 1609 1275 astris

144 1307 301 1355 laetus
337 1305 389 1353 in
423 1322 633 1355 accensa
669 1304 820 1357 iacuit
857 1303 1145 1368 Tirynthius
1183 1306 1325 1355 Oeta.

144 1386 371 1450 spirantis
408 1403 554 1451 super
588 1386 786 1436 inferias
823 1385 1018 1450 captiva
1054 1387 1317 1450 Pelasgum

142 1484 351 1531 corpora
385 1469 702 1531 frenatosque
736 1475 887 1531 pater,
928 1466 1112 1516 solacia
1146 1466 1259 1516 forti

142 1548 398 1608 bellorum,
438 1549 687 1598 mactabat
722 1564 877 1612 equos
894 1566 908 1609 3
955 1547 1031 1596 his
1066 1549 1250 1598 arduus
1278 1547 1404 1612 ignis

140 1626 360 1694 palpitat,
400 1638 449 1679 et
483 1629 696 1694 gemitus
733 1631 938 1679 tandem
974 1646 1180 1693 erupere
1218 1630 1439 1693 paterni:

144 1714 155 1736 ‘
176 1711 222 1760 O
259 1710 353 1759 nisi
389 1710 735 1774 magnanimae
770 1709 953 1759 nimius
989 1718 1039 1760 te
1074 1710 1235 1759 laudis
1270 1710 1442 1760 inisset

139 1792 299 1851 ardor,
340 1788 611 1841 Echibnios
645 1808 847 1841 mecum
882 1791 1164 1841 venerande
1199 1791 1394 1854 penatis

139 1883 290 1937 atque
325 1875 451 1923 ultra
486 1881 678 1923 recture
710 1889 845 1937 puer,
883 1870 1136 1923 venientia
1171 1871 1258 1936 qui
1293 1889 1429 1922 nunc

139 1953 320 2018 gaudia
354 1963 403 2003 et
437 1953 683 2018 ingratum
718 1952 855 2017 regni
891 1952 1014 2002 mihi
1050 1969 1232 2003 munus
1267 1953 1499 2004 acerbas!

141 2045 193 2084 tu
229 2052 464 2099 superum
499 2052 721 2084 convexa
754 2035 869 2084 licet
905 2043 1177 2097 coetusque
1212 2034 1418 2097 perenni
1448 2055 1450 2057 >

141 2115 315 2181 (credo
351 2115 608 2207 equidem)
644 2107 1007 2176 virtute'cola3‚
1049 2114 1172 2164 mihi
1206 2115 1372 2165 flebile
1408 2132 1603 2181 semper

142 2212 330 2247 numen
366 2197 491 2259 eris3
536 2207 726 2261 ponant
760 2214 868 2246 aras
901 2198 1198 2260 excelsaque
1233 2197 1441 2248 Thebae

140 2281 326 2342 templa
360 2278 559 2328 dicent:
608 2278 695 2327 uni
729 2279 801 2327 fas
837 2277 899 2327 sit
933 2279 1099 2342 lugere
1133 2277 1338 2342 parenti

140 2370 188 2410 et
225 2378 359 2409 nunc
394 2362 493 2409 heu
529 2376 658 2423 quae
693 2358 844 2422 digna
879 2358 969 2408 tibi
1004 2357 1266 2409 sollemnia
1302 2375 1487 2422 quasve

141 2441 313 2507 largiar
347 2440 647 2505 exsequias?
694 2457 788 2490 nec
824 2439 865 2489 si
901 2441 1049 2490 fatale
1083 2448 1304 2503 potestas

1764 358 1822 423 ⁵5-
1865 323 1869 404 fl

1759 752 1816 794 60

1763 1567 1855 1613 702

1758 1959 1810 2019 7'5
1852 1955 1857 1982 ⁵

1751 2370 1820 2409 80·
1854 2357 1857 2361 ⁸

196 2583 248 2621 54
277 2570 427 2610 funere
455 2569 540 2608 PD
764 2581 819 2619 59
856 2567 954 2608 exul
985 2580 1113 2609 anon.
1134 2566 1507 2620 Heidelbergenszls:
1538 2560 1669 2607 exule
1699 2566 1812 2610 mdd.
1846 2592 1848 2595 v

143 2627 193 2675 67
223 2626 394 2664 excelsa
415 2624 453 2674 Q
647 2625 759 2664 tacui
781 2624 812 2673 <i
831 2629 922 2674 sup.
948 2628 965 2661 t
988 2621 1109 2673 add.)
1128 2621 1171 2661 P
1351 2625 1406 2673 69
1432 2622 1532 2662 forti
1550 2621 1717 2672 PBDQ
1744 2624 1814 2675 (ex
1836 2626 1854 2678 j

141 2681 276 2719 sortes
295 2693 391 2719 corr.
416 2679 470 2730 Q)
492 2693 501 2717 :
536 2678 667 2718 fortes
685 2677 829 2728 KQS:
850 2677 972 2716 fortis
991 2677 1039 2715 N
1053 2690 1063 2716 z
1080 2676 1189 2726 sort.
1211 2676 1317 2716 sorti
1430 2690 1482 2726 72
1513 2678 1813 2726 magnanimae
1832 2723 1834 2729 Ι

142 2733 290 2772 nimius
307 2733 349 2771 P
365 2748 375 2774 ε
404 2734 697 2783 magnanimus
734 2738 879 2772 tantae
900 2730 1010 2771 wsA
1131 2743 1183 2781 74
1203 2744 1260 2770 an
1281 2743 1407 2782 quam
1431 2730 1513 2784 (vel
1527 2731 1648 2782 quid)
1669 2733 1810 2772 nunc?
1832 2756 1849 2766 ..

142 2799 192 2838 75
224 2800 371 2827 manus
394 2789 438 2840 (u
457 2794 550 2838 sup.
574 2801 598 2826 a
617 2786 736 2835 add.)
757 2786 800 2825 P
948 2787 1000 2836 76
1028 2785 1248 2835 coitusque
1266 2785 1308 2823 P
1456 2797 1672 2836 perennes
1691 2783 1813 2824 KA:
1835 2811 1871 2835 ··;.

140 2855 219 2891 per
238 2854 363 2880 evum
387 2845 455 2894 (ex
475 2841 655 2892 perenni
674 2843 794 2883 corr.)
818 2840 857 2890 Q
1042 2852 1091 2889 77
1121 2841 1229 2879 cedo
1250 2839 1399 2878 Menke
1583 2841 1635 2889 78
1654 2847 1808 2879 nomen
1853 2857 1879 2891 g

145 2896 381 2936 Gronovius
545 2897 599 2936 80
627 2908 731 2945 quas
761 2894 805 2936 P
966 2894 1016 2935 81
1048 2893 1204 2944 largior
1225 2894 1268 2947 (a
1287 2899 1379 2945 sup.
1404 2907 1430 2933 0
1449 2892 1568 2943 add.)
1591 2893 1631 2945 Q
