1884 3204
186 131 239 179 P.
279 127 522 179 ΡΑΡῙΝῙ
558 131 764 180 STATI

182 271 474 334 dotalesque
509 270 641 334 Argi,
679 287 772 319 nec
807 286 910 319 non
945 268 997 317 in
1031 269 1232 318 foedera
1264 267 1394 318 vitae

184 353 402 414 pollutus
437 351 622 415 placuit
655 353 869 400 fraterno
905 349 1143 413 sanguine
1178 349 1395 412 Tydeus,

183 432 302 481 hinc
338 441 514 493 tumor,
559 440 608 481 et
642 434 818 495 longus
854 429 987 478 fratri
1022 428 1321 492 promitteris
1357 430 1508 479 exsul.

184 513 290 576 ipse
325 514 476 562 deum
511 512 704 576 genitor
737 511 829 560 tibi
865 527 945 559 me
982 509 1238 559 miseratus
1273 511 1339 559 ab
1373 512 1476 560 alto
1770 531 1845 573 115

184 593 363 643 mittit:
409 594 540 642 habe
575 593 790 652 Thebas,
830 607 1142 655 caecumque·
1172 590 1407 654 cupidine
1442 591 1579 656 regni

182 691 518 737 ausurumque
553 675 730 722 eadem
765 688 1056 735 germanum
1091 674 1295 736 expelle,
1333 688 1427 722 nec
1461 675 1588 722 ultra

183 757 422 804 fraternos
458 754 735 803 inhiantem
771 753 938 802 obitus
975 752 1082 802 sine
1117 755 1271 802 fidere
1305 754 1496 818 coeptis

183 836 437 885 fraudibus
473 844 558 884 aut
594 836 790 886 Cadmo
826 833 1056 883 dominas
1092 833 1270 883 inferre
1305 837 1579 898 Mycenas!

253 916 402 977 Dixit,
443 926 492 966 et
527 918 803 965 abscedens
841 914 1046 980 (etenim
1082 915 1181 965 iam
1217 916 1403 980 pallida
1437 918 1638 967 turbant
1771 937 1849 968 120

181 998 343 1048 sidera
377 997 501 1047 lucis
535 997 674 1061 equi)
708 1013 871 1046 ramos
905 1013 965 1046 ac
999 999 1179 1047 vellera
1212 997 1363 1047 fronti

181 1079 407 1143 deripuit,
447 1081 703 1128 confessus
738 1095 901 1139 avum,
939 1076 1133 1142 dirique
1168 1079 1365 1142 nepotis

180 1160 407 1210 incubuit
442 1160 616 1221 stratis,
654 1159 878 1224 iugulum
914 1176 1032 1209 mox
1065 1162 1221 1210 caede
1255 1169 1510 1224 patentem

182 1243 339 1291 nudat
374 1251 423 1291 et
458 1241 668 1291 undanti
702 1241 955 1305 perfundit
988 1244 1192 1291 vulnere
1227 1257 1474 1291 somnum.

180 1323 251 1371 illi
285 1332 429 1386 rupta
463 1322 616 1386 quies,
655 1322 835 1372 attollit
869 1323 1095 1372 membra
1129 1332 1339 1387 toroque
1715 1320 1717 1322 ’
1770 1338 1846 1386 125·

182 1403 384 1468 eripitur
418 1406 595 1468 plenus
631 1404 879 1464 monstris,
917 1421 1204 1468 vanumque
1239 1421 1465 1454 cruorem
1843 1406 1846 1413 '

181 1485 434 1535 excutiens
470 1485 617 1534 simul
651 1487 817 1534 horret
851 1502 999 1535 avum
1034 1487 1334 1550 fratremque
1362 1484 1576 1550 requirit.

181 1566 340 1630 qualis
375 1566 463 1616 ubi
495 1566 669 1616 audito
703 1576 974 1616 venantum
1009 1584 1260 1617 murmure
1294 1567 1428 1631 tigris

180 1647 370 1697 horruit
404 1647 456 1696 in
493 1650 712 1697 maculas
748 1665 1052 1712 somnosque
1088 1648 1302 1698 excussit
1336 1648 1520 1709 inertis,

171 1730 312 1778 *bella
347 1729 484 1793 cupit
518 1731 747 1792 laxatque
781 1746 932 1793 genas
968 1739 1017 1779 et
1052 1739 1294 1794 temperat
1329 1729 1522 1794 unguis,
1774 1748 1852 1788 130

182 1828 298 1859 mox
332 1810 429 1859 ruit
463 1809 515 1859 in
550 1819 736 1859 turmas
771 1810 1001 1874 natisque
1035 1811 1272 1861 alimenta
1306 1811 1521 1861 cruentis

181 1892 449 1956 spirantem
484 1893 576 1941 fert
611 1909 696 1941 ore
730 1892 919 1942 virum:
966 1893 1038 1942 sic
1072 1893 1260 1943 excitus
1294 1893 1365 1941 ira

180 1976 358 2023 ductor
392 1973 445 2021 in
479 1973 739 2022 absentem
775 1974 1026 2022 consumit
1059 1974 1246 2038 proelia
1279 1976 1491 2024 fratrem.

250 2057 314 2103 Et
350 2054 448 2103 iam
486 2053 772 2118 Mygdoniis
807 2057 937 2103 elata
970 2054 1218 2104 cubilibus
1253 2057 1355 2104 alto

179 2136 451 2199 dispulerat
486 2138 625 2185 caelo
660 2136 847 2199 gelidas
882 2139 1077 2186 Aurora
1111 2137 1355 2197 tenebras,
1547 2155 1549 2157 ·
1769 2154 1844 2198 135

179 2227 398 2267 rorantes
435 2234 640 2267 excussa
673 2234 843 2266 comas
878 2220 1193 2281 multumque
1228 2216 1456 2281 sequenti

180 2301 284 2348 sole
319 2300 503 2348 rubens
520 2318 533 2360 3
581 2293 651 2347 illi
686 2316 856 2348 roseus
891 2316 980 2363 per
1014 2299 1187 2348 nubila
1221 2316 1353 2349 seras

178 2380 387 2430 advertit
422 2382 647 2429 flammas
681 2380 1000 2444 alienumque
1034 2382 1234 2430 aethera
1267 2382 1410 2430 tardo

182 2461 379 2511 Lucifer
414 2461 512 2511 exit
547 2478 693 2525 equo,
732 2463 895 2511 donec
930 2471 1069 2525 pater
1103 2462 1276 2525 igneus
1313 2462 1486 2511 orbem

178 2542 383 2606 impleat
417 2552 567 2606 atque
602 2542 696 2607 ipsi
731 2543 895 2592 radios
930 2552 1063 2593 vetet
1098 2560 1207 2593 esse
1242 2542 1427 2593 sorori:
1769 2563 1848 2604 140

239 2685 316 2711 112
345 2672 477 2724 vitae]
488 2673 597 2723 fort.
617 2672 768 2723 culpae
930 2685 1007 2723 117
1024 2673 1129 2724 sort.
1149 2673 1450 2724 laesurumque
1472 2673 1600 2712 fidem
1768 2673 1845 2712 118

179 2727 313 2766 fidere
343 2726 508 2777 coeptis
535 2726 691 2777 DNQ:
730 2728 814 2766 fide
842 2727 1030 2778 receptis
1058 2727 1147 2766 ΒΚ
1161 2742 1171 2768 :
1200 2728 1586 2777 fiderem-foedere
1614 2727 1839 2778 suprascr.)

181 2781 317 2831 ceptis
345 2781 387 2819 P
550 2793 628 2831 119
657 2781 858 2821 fratribus
876 2782 919 2820 P
933 2783 988 2821 al.
1013 2795 1070 2821 m.
1168 2820 1170 2822 ,
1229 2788 1301 2821 aut
1320 2783 1363 2821 in
1383 2782 1496 2821 haud
1515 2795 1615 2821 corr.
1646 2781 1703 2823 al.
1725 2795 1781 2822 m.
1805 2781 1844 2832 Q

184 2848 261 2885 124
290 2834 473 2885 perfudit
492 2835 540 2874 N
553 2835 684 2875 Schol.
708 2836 860 2875 Bamb.
976 2838 1053 2874 126
1073 2837 1252 2887 eripitur
1279 2836 1340 2876 P:
1368 2835 1548 2886 erigitur
1566 2840 1650 2876 cett.
1765 2847 1842 2885 133

179 2896 231 2928 οῦ
252 2889 382 2928 sumit
410 2888 455 2926 D
600 2901 677 2938 135
706 2890 938 2941 dispulerat
965 2889 1245 2930 Lachmann:
1274 2890 1498 2942 impulerat
1526 2890 1638 2930 codd.
1764 2891 1843 2940 136

181 2957 238 2983 an
256 2944 507 2993 vultumque
525 2943 733 2993 liquenti?
904 2957 978 2994 137
1008 2946 1197 2984 flammas
1225 2944 1274 2984 N
1437 2946 1513 2995 138
1542 2957 1661 2985 seras
1687 2944 1736 2983 N
