1884 3204
88 136 145 184 P.
181 135 425 184 PAPINI
460 136 666 185 STATI

87 275 211 323 haec
246 291 422 338 pacem
458 274 548 323 tibi
584 283 712 324 serta
747 274 953 324 dabunt.
1025 284 1111 325 tua
1144 291 1343 340 prorsus
1377 273 1514 323 inani

86 358 236 406 verba
271 359 388 420 polo
424 374 597 406 causas
631 358 957 421 abstrusaque
992 358 1215 408 momina
1249 374 1411 407 rerum

86 437 290 487 eliciunt
307 440 330 487 ?
376 438 574 488 miseret
609 455 856 502 superum,
894 439 936 488 si
970 439 1189 488 carmina
1222 456 1369 488 curae

86 520 435 582 humanaeque
469 536 654 583 preces.
727 520 849 583 quid
883 520 1059 570 inertia
1092 530 1293 584 pectora
1328 529 1478 568 terres
1495 520 1518 566 Ρ
1667 523 1752 566 660

87 599 274 663 primus
309 600 361 648 in
398 601 518 650 orbe
554 603 676 650 deos
710 601 828 651 fecit
863 601 1038 650 timor!
1086 611 1136 651 et
1170 601 1262 650 tibi
1297 610 1406 650 tuto

87 697 222 729 nunc
257 691 337 730 eat
370 681 464 731 iste
498 684 631 731 furor
647 701 661 744 3
707 684 798 732 sed
832 682 991 747 prima
1024 684 1091 732 ad
1125 682 1330 732 classica
1365 698 1480 730 cum
1515 679 1615 729 iarn

86 761 317 810 hostilem
355 764 594 813 Ismenon
628 763 779 827 galeis
817 763 1102 827 Dircenque
1136 763 1381 823 bibemus,

87 859 151 891 ne
187 842 309 891 mihi
343 853 477 904 tunc,
516 861 713 904 moneo,
751 844 900 893 lituos
935 854 1085 907 atque
1119 861 1257 892 arma
1289 842 1476 894 volenti

88 923 264 972 obvius
301 923 370 973 ire
404 941 547 987 pares
582 925 822 988 venisque
856 934 942 974 aut
975 925 1092 973 alite
1126 925 1231 973 visa
1607 987 1612 991 ,
1670 929 1754 983 665
1834 975 1836 978 .

86 1004 330 1053 bellorum
366 1007 582 1068 proferre
617 1005 782 1055 diem:
829 1008 1002 1069 procul
1036 1008 1161 1054 haec
1195 1004 1286 1054 tibi
1321 1003 1484 1054 mollis

87 1084 242 1134 infula
276 1086 574 1150 terrificique
607 1087 766 1136 aberit
801 1087 1055 1136 dementia
1090 1086 1312 1136 Phoebi:

85 1165 185 1215 illic
219 1183 375 1230 augur
409 1184 502 1230 ego
537 1177 587 1217 et
622 1185 821 1217 mecum
856 1168 1161 1232 quicumque
1194 1167 1352 1232 parati

85 1247 300 1297 insanire
335 1251 518 1298 manu.'
586 1265 751 1298 rursus
786 1251 947 1313 fragor
981 1249 1176 1298 intonat
1209 1249 1383 1312 ingens

86 1330 372 1378 hortantum
409 1339 458 1379 et
492 1342 632 1380 vasto
667 1332 971 1380 subtervolat
1005 1340 1135 1380 astra
1168 1332 1397 1379 tumultu.
1672 1337 1754 1390 670

86 1420 141 1459 ut
175 1411 375 1474 rapidus
411 1422 614 1474 torrens,
651 1412 846 1462 animos
880 1412 961 1462 cui
996 1429 1147 1462 verna
1181 1411 1460 1461 ministrant

86 1493 288 1542 flamina
322 1503 371 1543 et
407 1494 540 1543 exuti
575 1505 810 1544 concreto
844 1495 1022 1559 frigore
1056 1503 1267 1554 montes,

87 1591 203 1624 cum
238 1593 389 1639 vagus
426 1576 477 1624 in
513 1593 719 1640 campos
753 1578 930 1625 frustra
964 1575 1344 1640 prohibentibus
1380 1573 1479 1623 exit

84 1656 326 1717 obicibus,
363 1667 597 1707 resonant
630 1657 874 1720 permixto
907 1656 1104 1706 turbine
1137 1666 1282 1716 tecta,

85 1756 212 1798 arva,
250 1749 487 1800 armenta,
525 1739 628 1800 viri,
666 1741 831 1789 donec
865 1740 999 1789 stetit
1034 1739 1290 1803 improbus
1325 1740 1427 1787 alto
1673 1745 1754 1797 675

86 1822 214 1870 colle
249 1821 412 1870 minor
446 1838 728 1885 magnoque
763 1821 951 1871 invenit
986 1821 1038 1870 in
1072 1838 1248 1885 aggere
1282 1820 1426 1884 ripas.

86 1903 210 1951 haec
245 1904 433 1952 alterna
467 1904 654 1951 ducum
689 1919 789 1951 nox
822 1902 1059 1952 interfusa
1093 1901 1303 1952 diremit.

153 1986 222 2032 At
256 1984 468 2047 gemitus
505 1984 655 2048 Argia
688 1984 778 2033 viri
813 2001 917 2033 non
951 1984 1164 2048 amplius
1198 2000 1361 2047 aequo

86 2066 238 2114 corde
272 2067 434 2114 ferens
470 2065 763 2129 sociumque
797 2065 967 2115 animo
1002 2065 1232 2115 miserata
1265 2066 1504 2124 dolorem,

87 2147 214 2196 sicut
250 2156 353 2196 erat
387 2147 560 2196 laceris
595 2146 790 2210 pridem
826 2156 1021 2211 turpata
1054 2146 1243 2211 capillis
1667 2152 1756 2193 680

87 2238 136 2278 et
171 2230 291 2279 fletu
328 2228 519 2292 signata
553 2246 719 2292 genas,
757 2230 822 2278 ad
858 2231 990 2278 celsa
1024 2217 1234 2278 verendi*

86 2309 190 2360 ibat
226 2320 356 2360 tecta
390 2310 554 2374 patris,
592 2327 898 2375 parvumque
933 2310 1027 2359 sub
1062 2311 1215 2360 ubere
1249 2327 1364 2360 caro

87 2394 463 2442 Thessandrum
499 2394 729 2455 portabat
762 2409 856 2442 avo
892 2392 991 2441 iam
1026 2401 1175 2441 nocte
1211 2408 1441 2455 suprema

86 2483 202 2523 ante
237 2491 394 2523 novos
431 2484 579 2534 ortus,
620 2474 707 2524 ubi
742 2476 846 2524 sola
882 2474 1142 2538 superstite
1177 2475 1396 2538 plaustro

141 2607 222 2654 658
251 2605 422 2643 nomina
450 2604 500 2655 P,
541 2618 642 2644 corr.
673 2604 912 2644 Baehrens:
950 2603 1114 2643 semina
1143 2608 1226 2643 cett.
1249 2618 1258 2643 ε
1305 2605 1316 2627 ‘
1332 2604 1530 2643 naturas’
1560 2603 1680 2644 schol.
1707 2602 1758 2642 vN

87 2662 171 2698 660
205 2659 355 2698 Martia
392 2660 542 2709 Barth,
582 2659 628 2710 cf
669 2660 723 2700 iv.
765 2670 842 2709 754
1007 2661 1088 2708 664
1117 2663 1204 2697 tum
1238 2659 1281 2697 P
1440 2660 1522 2708 665
1549 2659 1756 2708 venisque

87 2715 291 2754 Heinsius
311 2728 320 2754 :
350 2715 572 2764 ventisque
594 2714 753 2766 (ventis
770 2713 837 2763 N)
857 2713 969 2753 codd.
986 2712 1023 2750 L
1148 2715 1230 2763 672
1250 2713 1417 2751 flamina
1438 2711 1503 2752 P:
1533 2713 1705 2751 flumina
1725 2727 1756 2750 ω

88 2775 255 2808 montes
287 2769 367 2808 PA
393 2783 401 2808 :
442 2769 575 2808 colles
608 2768 677 2808 ωδ
812 2770 893 2818 677
929 2768 1057 2820 haec]
1089 2768 1167 2816 sic,
1201 2780 1348 2818 aeque,
1382 2767 1494 2806 dicta
1526 2766 1614 2806 edd.
1651 2768 1754 2806 coni.

89 2825 171 2873 679
199 2824 334 2863 solata
355 2822 420 2862 A2
585 2824 668 2862 680
701 2823 851 2862 laceris
886 2822 1049 2873 pridem
1077 2822 1143 2860 P:
1186 2823 1350 2873 pridem
1383 2822 1537 2862 laceris
1572 2821 1751 2872 BDNQ,

89 2877 138 2917 de
154 2878 236 2918 ΚΞ
251 2891 336 2917 non
356 2879 481 2929 liquet
617 2884 790 2929 turpata
809 2876 875 2917 P:
904 2878 1070 2917 turbata
1090 2875 1159 2917 ωδ
