1884 3204
944 85 1355 134 THEBAIDOS
1392 86 1607 135 LIBER
1643 89 1747 136 VII

0 257 10 279 ξ,
101 237 215 271 nam
251 219 330 270 cui
364 207 498 276 tanta
527 208 671 283 'quies
707 218 884 268 irarum
920 229 1004 269 aut
1040 221 1289 286 sanguinis
1326 239 1441 272 usus

71 299 287 365 ,parcior
320 299 561 348 humani?
606 300 740 348 videt
774 299 875 348 axis
912 309 960 349 et
996 300 1087 349 ista
1122 318 1208 365 per
1242 319 1419 351 aevum
1667 324 1746 352 200

2 375 9 383 ’
98 397 293 429 mecum
326 388 522 428 aeterna
557 380 748 438 domus,
789 379 1017 443 quotiens
1053 381 1150 430 iam
1188 391 1315 431 torta
1349 399 1586 447 reponam

95 459 312 519 fulmina,
349 475 496 523 quam
533 476 666 508 rarus
702 459 838 509 terris
875 459 956 508 hic
991 460 1201 525 imperet
1236 462 1373 526 ignis.

95 539 215 604 q'uin
249 539 394 590 etiam
429 538 608 588 invitus
645 554 822 603 magna
856 539 1240 606 uleiscendaque
1276 543 1430 609 passis

66 629 176 670 ⁴aut
211 619 442 684 Lapithas
480 619 629 669 Marti
663 629 748 669 aut
782 629 996 670 veterem
1034 624 1292 686 Calydona
1329 624 1520 674 Dianae

0 690 2 697 ’
91 717 365 765 expugnare
400 700 545 762 dedi;
592 706 738 753 †mea
774 707 879 752 est†
914 702 1098 752 iactura
1133 704 1364 768 pigetque
1663 726 1738 767 205

91 790 164 833 tot
198 790 384 830 mutare
419 781 621 843 animas,
660 791 733 832 tot
768 785 973 834 reddere
1008 802 1213 849 corpora
1248 786 1388 835 vitae.

84 862 366 912 Labdacios
401 880 516 912 vero
552 863 848 928 Pelopisque
882 883 911 914 a
947 865 1095 930 stirpe
1131 876 1337 931 nepotes

0 936 5 944 ’
88 944 280 993 tardum
316 943 512 993 abolere
548 944 704 1006 mihi3
750 945 843 994 scis
879 946 984 1010 ipse
1020 947 1093 1010 (ut
1128 947 1333 996 crimina
1368 947 1560 997 mittam

89 1023 292 1089 Dorica)
327 1041 476 1088 quam
511 1035 768 1090 promptae
803 1043 1004 1090 superos
1040 1027 1283 1077 incessere
1319 1030 1524 1079 Thebae
1541 1048 1554 1091 ;

0 1101 3 1112 ’
63 1108 134 1154 'te
169 1107 539 1168 quoque—sed,
577 1106 810 1170 quoniam
849 1117 987 1157 vetus
1023 1109 1203 1158 excidit
1239 1109 1320 1169 ira,
1359 1109 1528 1159 silebo.
1662 1131 1742 1160 210

85 1201 188 1235 non
222 1194 389 1235 tamen
421 1196 506 1235 aut
540 1187 698 1250 patrio
736 1205 983 1252 respersus
1020 1190 1258 1254 sanguine
1294 1192 1558 1250 Pentheus,

83 1274 167 1315 aut
202 1275 405 1315 matrem
443 1269 704 1318 scelerasse
740 1269 855 1318 toris
891 1279 975 1318 aut
1010 1270 1214 1320 crimine
1249 1272 1417 1320 fratres

83 1347 398 1411 progenuisse
432 1365 555 1408 reus,
595 1350 756 1398 lacero
792 1358 876 1398 tua
910 1352 1060 1399 lustra
1096 1350 1300 1414 replevit

82 1427 283 1476 funere:
330 1428 415 1478 ubi
450 1428 501 1476 hi
536 1431 720 1478 fletus?
765 1430 851 1479 ubi
887 1440 1006 1479 tunc
1040 1448 1116 1480 ars
1159 1440 1296 1480 tanta
1330 1432 1602 1496 precandi?

0 1511 1 1515 ’
81 1516 156 1556 ast
190 1525 280 1572 ego
316 1526 417 1558 non
453 1509 665 1573 proprio
687 1510 819 1559 diros
855 1510 1093 1574 impendo
1131 1512 1290 1561 dolori
1655 1534 1730 1574 215

83 1588 541 1653 Oedipodionidas:
590 1600 727 1655 rogat
762 1593 859 1641 hoc
895 1594 1139 1656 tellusque
1175 1595 1420 1657 polusque

81 1677 132 1718 et
162 1669 317 1733 pietas
353 1679 401 1719 et
435 1671 566 1720 laesa
601 1673 726 1720 fides
763 1681 1035 1737 naturaque
1072 1683 1120 1723 et
1155 1674 1251 1738 ipsi

81 1749 415 1799 Eumenidum
451 1768 624 1800 mores.
698 1752 786 1802 sed
821 1762 874 1802 tu
911 1771 1056 1819 super
1091 1756 1212 1804 urbe
1249 1755 1435 1805 moveri

23 1888 27 1892 λ
78 1846 224 1894 parce
258 1839 369 1881 tua:
419 1849 522 1881 non
558 1834 654 1882 hoc
691 1835 837 1883 statui
874 1836 966 1884 sub
1003 1827 1225 1900 tempore
1251 1837 1397 1886 rebus

79 1925 309 1960 occasum
344 1913 533 1974 Aoniis,
571 1914 734 1963 veniet
770 1916 1042 1979 suspectior
1077 1927 1211 1966 aetas
1654 1939 1734 1968 220

77 1991 358 2056 ultoresque
392 1994 504 2044 alii:
552 2012 685 2044 nunc
721 1995 851 2060 regia
887 1999 1016 2046 Iuno
1054 2001 1314 2061 queretur.'

87 2077 105 2083 ”
130 2071 242 2121 His
277 2073 357 2122 ille
391 2074 570 2124 auditis
606 2085 922 2140 mentemque
958 2078 1282 2142 habitumque
1317 2080 1500 2144 recepit
1517 2099 1530 2142 5

78 2161 133 2200 ut
163 2169 276 2202 cum
314 2156 416 2203 sole
454 2157 584 2204 malo
619 2156 841 2220 tristique
877 2159 1058 2207 rosaria
1092 2162 1314 2223 pendent

76 2241 186 2281 usta
221 2235 369 2294 Noto,
408 2235 448 2284 si
483 2238 611 2285 clara
646 2237 751 2287 dies
787 2239 1094 2304 Zephyrique
1131 2242 1296 2291 refecit

75 2329 191 2362 aura
224 2317 409 2377 polum,
448 2317 573 2366 redit
607 2317 768 2367 omnis
803 2321 976 2380 honos,
1016 2322 1292 2387 emissaque
1327 2325 1494 2373 lucent
1648 2346 1727 2388 225

0 2429 2 2469 ᾖ
73 2394 292 2457 germina
327 2405 375 2445 et
410 2396 630 2447 informis
666 2409 807 2448 ornat
843 2417 931 2449 sua
965 2402 1117 2464 gloria
1152 2403 1320 2468 virgas.

126 2537 202 2563 201
236 2531 352 2564 certa
378 2526 531 2568 Markl.
712 2542 791 2579 205
820 2543 913 2569 mea
943 2538 1008 2571 est
1035 2531 1169 2571 PaeS:
1203 2533 1332 2572 nimia
1362 2540 1429 2574 est
1456 2535 1728 2576 Phillimore:

32 2595 35 2598 ¹
57 2577 165 2628 sort.
189 2578 301 2618 Iovis
321 2586 386 2619 est
407 2583 470 2621 vel
483 2588 627 2621 nostra
647 2588 711 2622 est
731 2597 740 2622 ε
768 2597 941 2634 meaque
961 2593 1027 2625 est
1046 2586 1156 2626 codd.
1178 2588 1269 2627 dett.
1291 2588 1379 2628 edd.
1523 2593 1604 2629 206
1634 2592 1726 2630 red-

71 2632 171 2672 dere
191 2645 367 2683 corpora
385 2634 428 2672 P
443 2648 454 2675 z
484 2649 661 2686 corpora
680 2638 858 2677 reddere
878 2639 1100 2692 BDKQN‚
1123 2641 1172 2680 de
1189 2641 1226 2681 S
1244 2655 1327 2680 non
1346 2642 1471 2694 liquet
1570 2687 1574 2690 Δ
1646 2647 1726 2684 208

69 2684 241 2726 adolere
255 2689 299 2726 P
429 2703 511 2729 210
539 2696 580 2729 te
600 2697 642 2730 te
662 2693 738 2730 sed
757 2692 799 2729 A
939 2707 1017 2732 212
1047 2701 1088 2733 et
1108 2696 1283 2734 crimine
1301 2697 1510 2736 Baehrens
1646 2712 1726 2749 213

70 2748 168 2779 reos
185 2741 245 2780 P2
366 2743 478 2783 iussa
499 2743 549 2794 Ω]
710 2758 789 2795 214
819 2746 860 2784 hi
879 2747 943 2787 P:
974 2748 1040 2788 hic
1059 2749 1101 2786 A
1125 2763 1132 2787 :
1160 2764 1243 2790 om.
1268 2750 1336 2790 ωδ
1497 2765 1579 2791 220
1606 2766 1726 2803 spec-

73 2794 196 2834 tatior
212 2794 254 2833 A
418 2810 494 2837 221
525 2811 604 2837 nec
626 2799 665 2852 <1
683 2801 804 2853 tunc)
822 2801 863 2840 A
871 2802 882 2824 ¹
1047 2815 1126 2852 223
1157 2806 1344 2854 pendent
1362 2805 1418 2845 P:
1444 2806 1604 2856 pallent
1623 2807 1691 2847 ωδ

126 2860 241 2889 srAr.
263 2861 390 2890 THEB.
1565 2862 1616 2900 12
