1884 3204
145 100 198 146 P.
239 99 481 148 ΡΑΡΙΝΙ
519 101 724 149 STATI

249 235 483 303 [possem,
521 241 669 302 plena
703 240 865 289 forent
898 239 1019 289 mihi
1054 240 1236 305 gaudia
1253 259 1266 302 ;
1302 257 1520 304 namque
1554 239 1811 309 iuvarem]

246 335 381 368 nunc
416 319 510 383 ipsi
529 319 759 384 ‘virisque
795 338 930 371 meas
966 331 1016 370 et
1051 339 1163 371 cara
1197 321 1375 371 videtis

245 399 472 463 pignora:
509 404 713 465 quando
737 420 894 452 novos
920 403 1059 452 dabit
1082 405 1206 452 haec
1231 403 1353 451 mihi
1390 404 1535 453 turba
1566 403 1812 468 nepotis?'

149 500 225 527 110
249 481 452 542 dixerat,
490 492 539 532 et
574 485 744 533 sollers
780 494 975 548 arrepto
1011 494 1235 548 tempore
1270 484 1470 534 Vlixes:

246 565 260 587 ‘
277 565 434 613 Haud
454 567 734 628 spernenda
752 565 891 629 cupis
910 584 923 627 3
959 565 1070 630 quis
1095 566 1229 615 enim
1254 583 1356 615 non
1375 565 1532 615 visere
1550 567 1710 630 gentis
1733 574 1810 629 785

245 643 529 694 innumeras
564 646 825 710 variosque
860 649 1013 696 duces
1049 657 1199 711 atque
1234 647 1432 712 agmina
1466 664 1636 711 regum
1748 638 1751 645 ’

245 728 453 776 ardeat?
493 744 643 776 omne
679 727 825 776 simul
860 728 1109 791 roburque
1145 730 1400 792 decusque
1436 727 1655 793 potentis

247 809 478 871 Europae
513 807 714 857 meritos
750 810 878 857 ultro
913 807 1088 857 iuravit
1122 808 1172 857 in
1209 809 1354 858 ensis.

147 908 222 948 115
250 905 360 937 rura
394 889 641 951 urbesque
675 898 864 949 vacant,
904 889 1088 938 montis
1125 889 1444 953 spoliavimus
1479 892 1621 951 altos,

1878 509 1884 516 .
1881 486 1884 491 Δ
1874 390 1884 471 amm.
1872 254 1884 380 „flu—hn—
1876 172 1884 246 .——-
1867 0 1884 159 ..κώ-ΔΗ

246 986 396 1018 omne
431 971 610 1018 fretum
645 971 795 1033 longa
828 972 1052 1019 velorum
1089 970 1336 1020 obtexitur
1370 972 1548 1021 umbra
1564 990 1578 1033 3
1737 989 1814 1032 790
1880 974 1884 1028 ᾗ

246 1052 447 1100 tradunt
482 1068 618 1100 arma
653 1061 830 1115 patres,
868 1051 994 1116 rapit
1030 1051 1312 1101 inrevocata
1346 1052 1590 1102 iuventus.

245 1149 347 1181 non
383 1132 502 1182 alias
538 1150 779 1196 umquam
815 1142 981 1182 tantae
1018 1134 1135 1182 data
1169 1134 1316 1198 copia
1350 1136 1511 1184 famae

245 1213 453 1263 fortibus
488 1223 574 1263 aut
610 1231 800 1278 campo·
825 1214 1011 1264 maiore
1046 1214 1259 1265 exercita
1293 1215 1477 1264 virtus.'

148 1316 163 1358 ¹.
175 1316 226 1343 20
250 1295 463 1359 adspicit
497 1295 742 1345 intentum
780 1295 1014 1360 vigilique
1050 1297 1173 1345 haec
1208 1313 1326 1346 aure
1362 1298 1653 1356 trahentem,

245 1394 359 1426 cum
396 1386 608 1441 paveant
642 1377 767 1426 aliae
803 1377 1118 1441 demissaque
1153 1377 1343 1427 lumina
1377 1380 1591 1439 flectant,
1734 1395 1812 1440 795
1879 1370 1884 1398 ³

245 1468 395 1522 atque
430 1458 602 1508 iterat:
646 1457 916 1522 ‘Quisquis
952 1459 1147 1523 proavis
1183 1469 1233 1508 et
1267 1469 1415 1524 gente
1450 1460 1677 1524 superba,

245 1540 469 1604 quisquis
506 1558 637 1605 equo
673 1541 936 1604 iaculoque
971 1550 1163 1605 potens,
1203 1541 1289 1605 qui
1324 1543 1572 1606 praevalet
1606 1557 1737 1601 arcu,

246 1622 408 1671 omnis
444 1624 605 1672 honos
641 1622 753 1681 illic,
793 1622 892 1671 illic
927 1622 1147 1686 ingentia
1181 1632 1371 1672 certant

148 1724 224 1763 125
252 1704 486 1753 nomina:
534 1704 613 1752 vix
648 1703 853 1753 timidae
890 1714 1070 1753 matres
1106 1714 1193 1753 aut
1226 1704 1426 1769 agmina
1460 1713 1656 1770 cessant

247 1785 493 1850 virginea3
540 1802 571 1834 o
608 1787 819 1834 multum
857 1784 1032 1834 sterilis
1068 1786 1332 1834 damnatus
1368 1785 1420 1834 in
1455 1803 1614 1835 annos
1731 1794 1814 1834 800

246 1867 534 1930 invisusque
570 1866 691 1927 deis,
730 1865 771 1915 si
807 1883 958 1929 quem
995 1867 1119 1915 haec
1154 1883 1286 1915 nova
1319 1867 1474 1930 gloria
1509 1883 1711 1931 segnem

245 1948 505 2014 praeterit!
574 1948 753 1997 exisset
789 1947 963 2008 stratis,
1002 1947 1054 1996 ni
1090 1947 1296 2011 provida
1331 1946 1472 2012 signo

248 2030 525 2080 Deidamea
560 2031 679 2079 dato
715 2039 919 2079 cunctas
956 2031 1150 2078 hortata
1184 2045 1376 2078 sorores

147 2131 223 2171 130
247 2112 474 2176 liquisset
508 2128 704 2160 mensas
740 2111 905 2174 ipsum
940 2113 1213 2174 complexa.
1288 2112 1376 2160 sed
1411 2112 1579 2160 haeret

246 2193 513 2257 respiciens
552 2194 783 2242 Ithacum
819 2202 1067 2256 coetuque
1104 2191 1401 2241 novissimus
1437 2192 1548 2241 exit.
1734 2202 1812 2253 805

245 2276 327 2324 ille
349 2275 568 2339 ⁴quidem
605 2274 805 2339 incepto
841 2276 1045 2339 paulum
1083 2291 1143 2323 ex
1178 2291 1407 2323 sermone
1442 2273 1662 2339 remittit,

244 2374 405 2422 pauca
440 2366 608 2406 tamen
644 2355 885 2420 iungens:
931 2358 1025 2404 ‘At
1061 2365 1114 2404 tu
1151 2356 1443 2420 tranquillus
1479 2356 1530 2404 in
1565 2342 1665 2405 alta
1727 2352 1731 2359 ’

245 2456 369 2503 pace
406 2455 552 2487 mane
588 2437 813 2501 carisque
848 2455 966 2502 para
1000 2435 1219 2486 conubia
1253 2437 1393 2497 natis,
1682 2434 1684 2436 ’

148 2540 224 2581 135
251 2537 374 2583 quas
411 2519 501 2568 tibi
537 2519 739 2569 sidereis
776 2519 1002 2569 divarum
1037 2518 1256 2568 vultibus
1291 2536 1475 2582 aequas
1621 2575 1624 2578 .

245 2603 343 2651 fors
380 2601 532 2651 dedit.
606 2611 660 2650 ut
697 2618 776 2650 me
812 2601 932 2650 olim
968 2600 1171 2650 tacitum
1209 2600 1480 2650 reverentia
1515 2599 1699 2664 tangit!
1730 2608 1811 2648 810

200 2735 274 2783 781
308 2746 392 2772 om.
414 2737 484 2771 Πω
504 2736 541 2770 et
558 2731 655 2770 bom·
670 2730 781 2770 codd.
802 2744 931 2784 omn„
955 2745 1049 2771 cum
1069 2729 1156 2771 edd.
1176 2730 1327 2769 seclusi
1526 2730 1604 2780 784
1633 2729 1810 2779 abrepto

1879 2155 1884 2164 η

1872 2172 1884 2186 νς

1864 2215 1884 2276 ἒ

1865 2284 1868 2285 ’
1873 2286 1882 2294 *⁴

1851 2435 1884 2589 ,Ξ

1868 2305 1884 2332 ’,ἓ

1876 2336 1884 2345 ,

1864 2348 1884 2406 ’ἑ

1863 2409 1879 2434 :2¹

1863 2493 1884 2516 :⁸³

1858 2582 1884 2608 ³3¹

1860 2609 1884 2638 az?

1852 2689 1884 2786 {3

144 2787 196 2837 P,
237 2789 284 2838 cs.
321 2800 403 2837 502
579 2788 654 2836 787
686 2791 887 2836 potentes
923 2785 966 2824 P
1154 2787 1233 2835 796
1271 2784 1453 2835 superba
1491 2783 1554 2823 P:
1601 2783 1810 2834 superbus

143 2842 211 2880 Εω
376 2842 457 2880 800
486 2840 677 2891 virginea
699 2854 724 2879 o
745 2841 919 2879 multum
942 2840 1008 2878 E:
1037 2839 1230 2890 virginea
1251 2842 1426 2878 multum
1447 2839 1516 2877 Ρω
1536 2852 1544 2876 :
1573 2837 1767 2887 virginea
1784 2851 1810 2878 a
1853 2837 1884 2875 ἐξ

1854 2871 1875 2898 &a

144 2896 318 2935 multum
339 2895 552 2934 Baehrens
715 2896 796 2944 803
826 2901 977 2935 cuncta
995 2893 1038 2933 P
1180 2895 1263 2932 806
1289 2895 1459 2943 quidem
1490 2906 1542 2930 m:
1586 2905 1751 2942 quoque
1772 2897 1809 2932 Π
1851 2903 1884 2928 '‘2-

130 2951 249 3000 salso
271 2950 354 3002 <ille
390 2951 499 2989 enim
520 2949 634 2988 solus
659 2950 851 2988 ‘remittit
863 2951 894 3002 ⁷)
1006 2949 1167 2988 incerto
1187 2948 1230 2986 P
1391 2949 1471 2987 808
1491 2948 1706 2997 sacrisque
1724 2946 1766 2985 E

1851 3000 1875 3037 ξ.
