1884 3204
984 89 1394 139 THEBAIDOS
1431 92 1646 140 LIBER
1683 95 1738 142 II

94 231 270 278 ‘Parce
303 242 390 290 per
424 227 511 274 has
546 225 696 274 stellis
733 225 1139 275 interlabentibus
1176 227 1388 288 umbram,

21 327 44 358 ⁴,
89 324 175 374 per
208 322 408 370 superos
443 314 743 368 noctemque
778 315 945 354 tuam:
993 306 1100 355 sine
1135 306 1288 354 tristia
1312 307 1501 357 Thebis
1655 318 1738 370 650

90 385 288 436 nuntius
321 395 430 434 acta
464 387 615 434 feram
651 385 880 449 vulgique
917 402 1002 448 per
1037 403 1122 435 ora
1157 387 1378 449 paventis

85 475 370 529 contempto
404 474 452 514 te
487 481 598 528 rege
632 481 837 514 canam:
885 465 955 514 sic
990 465 1133 514 inrita
1167 467 1312 515 nobis

0 533 3 536 ‚
85 549 181 598 tela
215 547 405 610 cadant,
444 545 663 608 nullique
700 555 840 594 tuum
875 546 1180 608 penetrabile
1215 548 1342 597 ferro

37 661 44 668 -
84 635 267 692 pectus,
305 635 354 675 et
389 625 578 689 optanti
613 625 769 675 victor
803 626 1046 676 reveharis
1081 626 1274 676 amico.'

38 707 279 760 zdixerat.
349 706 430 755 ille
465 706 588 755 nihil
623 709 813 756 vultum
850 717 1067 756 mutatus
1106 712 1118 733 ‘
1139 708 1308 756 Inanis
1655 719 1738 771 655

82 787 273 854 perdis'
307 787 374 836 ait
410 787 682 849 ‘lacrimas,
718 798 767 838 et
802 798 869 849 tu,
907 789 959 837 ni
994 791 1147 849 fallor,
1186 789 1358 853 iniquo

58 868 324 933 -pollicitus
358 885 469 917 mea
503 870 629 918 colla
664 868 812 919 duci:
860 887 994 919 nunc
1027 887 1163 919 arma
1197 870 1431 933 diemque

80 948 243 1013 proice
258 967 272 1010 3
307 948 427 1012 quid
462 948 664 998 timidae
699 949 916 1012 sequeris
951 949 1250 1013 compendia
1283 950 1447 999 vitae?

81 1030 207 1079 bella
241 1032 472 1078 manent.'
542 1029 687 1078 simul
723 1031 846 1080 haec
884 1040 933 1080 et
970 1047 1187 1079 crassum
1223 1030 1461 1094 sanguine
1497 1033 1648 1080 telum

78 1109 175 1159 iam
209 1109 334 1159 redit
349 1127 363 1170 ;
409 1109 490 1159 ille
525 1126 671 1173 super
705 1110 849 1160 dictis
885 1110 1105 1160 infensus
1141 1111 1318 1160 amaris
1647 1119 1732 1159 660

78 1189 386 1254 prosequitur
419 1190 605 1239 victos:
665 1192 811 1239 ‘Non
845 1192 967 1240 haec
1003 1191 1244 1241 trieterica
1280 1191 1422 1240 vobis

77 1285 174 1318 nox
206 1270 363 1333 patrio
398 1272 462 1319 de
496 1287 633 1320 more
667 1271 813 1331 venit,
851 1289 954 1321 non
990 1272 1122 1335 orgia
1158 1272 1338 1323 Cadmi

75 1349 269 1399 cernitis
304 1359 388 1399 aut
423 1350 590 1400 avidas
628 1354 881 1400 Bacchum
918 1355 1154 1402 scelerare
1190 1363 1431 1416 parentes.

76 1430 302 1479 nebridas
336 1439 385 1479 et
418 1431 597 1494 fragilis
634 1433 824 1494 thyrsos
859 1443 1052 1495 portare
1087 1433 1294 1496 putastis

74 1510 323 1560 imbellem
357 1513 422 1560 ad
458 1511 675 1560 sonitum
711 1512 1026 1576 maribusque
1061 1513 1312 1577 incognita
1346 1514 1471 1563 veris
1644 1521 1725 1575 665

74 1591 220 1639 foeda
256 1592 530 1641 Celaenaea
564 1592 872 1642 committere
907 1594 1093 1657 proelia
1127 1595 1301 1643 buxo?

73 1670 153 1719 hic
185 1671 309 1720 aliae
343 1673 533 1732 caedes,
571 1672 694 1721 alius
730 1675 893 1724 furor:
942 1674 1009 1723 ite
1044 1675 1137 1723 sub
1173 1676 1385 1735 umbras,

72 1767 103 1799 o
137 1750 297 1800 timidi
330 1752 575 1816 paucique
597 1755 634 1801 2'
684 1747 807 1804 haec
842 1754 1035 1803 intonat
1053 1773 1066 1815 3
1117 1764 1193 1804 ast
1228 1765 1396 1805 tamen
1431 1755 1500 1804 illi

10 1892 14 1896 ῃ
71 1832 292 1880 membra
325 1843 519 1896 negant,
556 1835 810 1897 lassusque
845 1835 953 1884 ferit
988 1836 1274 1899 praecordia
1309 1837 1537 1903 sanguis.-

70 1911 167 1960 iam
202 1913 395 1962 sublata
428 1931 602 1963 manus
637 1931 802 1964 cassos
838 1917 1052 1965 defertur
1085 1917 1137 1965 in
1172 1917 1310 1976 ictus,
1640 1926 1724 1979 670

70 1992 344 2056 tardatique
377 1996 569 2057 gradus,
607 1995 821 2058 clipeum
856 2013 949 2045 nec
985 1997 1194 2046 sustinet
1229 1998 1384 2047 umbo
1600 1999 1603 2004 “

69 2077 356 2122 †mutatum
391 2074 559 2138 spoliis
575 2080 617 2134 ψ,
655 2075 845 2138 gelidus
881 2076 1014 2125 cadit
1049 2077 1207 2126 imber
1241 2080 1422 2127 anhelo

70 2162 281 2215 pectore,
318 2163 436 2203 tunc
471 2155 628 2204 crines
662 2156 982 2220 ardentiaque
1018 2174 1103 2206 ora
1139 2159 1351 2208 cruentis

69 2233 258 2282 roribus
292 2243 341 2283 et
375 2244 527 2284 taetra
561 2236 858 2285 morientum
892 2238 1147 2300 aspargine
1183 2248 1415 2287 manant:

69 2322 122 2361 ut
155 2315 248 2374 leo,
286 2314 370 2378 qui
404 2315 590 2379 campis
626 2318 772 2379 longe
806 2320 1012 2366 custode
1046 2320 1214 2381 fugato
1634 2329 1715 2383 675

68 2395 307 2457 Massylas
342 2397 574 2458 depastus
609 2396 727 2456 ovis,
765 2397 851 2446 ubi
886 2399 1123 2461 sanguine
1159 2401 1315 2448 multo

59 2474 303 2524 -luxuriata
337 2478 490 2525 fames
527 2477 786 2541 cervixque
821 2488 870 2527 et
905 2479 1019 2528 tabe
1054 2490 1280 2543 gravatae

28 2598 31 2601 Α
64 2557 331 2604 consedere
365 2556 525 2617 iubae,
563 2557 739 2607 mediis
775 2558 826 2606 in
862 2559 1098 2608 caedibus
1132 2570 1259 2609 astat

113 2685 196 2733 652
225 2689 424 2724 contento
459 2685 498 2725 D
660 2687 740 2735 655
769 2687 886 2725 vultu
917 2687 979 2726 P:
1008 2688 1150 2726 vultus
1180 2689 1224 2726 D
1384 2691 1465 2739 658
1494 2691 1642 2730 timide
1662 2691 1719 2731 Ll

62 2738 143 2788 659
169 2751 226 2776 an
259 2741 413 2778 mane?
576 2741 652 2788 671
685 2740 834 2791 umbo]
868 2741 1001 2780 Schol.
1035 2741 1080 2779 D
1116 2744 1289 2781 ‘manus
1322 2757 1430 2793 quae
1451 2750 1515 2783 est
1549 2745 1592 2783 in
1626 2760 1715 2785 um-

61 2789 192 2831 bone'
352 2795 433 2842 672
462 2799 683 2833 nutantem
714 2795 962 2834 Lachmann
984 2797 1059 2834 alii
1073 2795 1156 2835 alia
1328 2800 1407 2847 674
1438 2805 1480 2837 et
1500 2805 1592 2838 atra
1613 2800 1691 2840 ΒΕ
1702 2814 1714 2838 ,·

62 2851 187 2895 atque
205 2852 296 2885 atra
323 2847 368 2884 D
477 2853 649 2887 manent
676 2847 720 2886 P
904 2851 984 2898 678
1014 2857 1063 2889 cfi
1085 2852 1236 2890 sedere
1264 2851 1308 2889 D

114 2911 228 2939 sur.
249 2912 376 2940 τι-ῙΕΒ.
1580 2910 1606 2946 4
