1884 3204
939 45 1425 96 ACHILLEIDOS
1463 46 1678 96 LIBER
1715 46 1739 95 I

7 200 10 207 ⁸
88 182 206 234 olim
242 180 473 247 equidem
509 181 765 246 Argolicos
800 181 946 246 pinus
981 200 1095 232 cum
1131 185 1370 234 Thessala
1404 201 1540 249 reges

89 266 184 314 hac
216 265 427 323 veheret,
465 261 694 312 iuvenem
729 262 942 312 Alciden
979 272 1027 312 et
1062 266 1259 314 Thesea
1293 264 1462 315 vidi—-

88 346 176 394 sed
212 344 383 393 taceo!
451 342 555 407 figit
588 342 778 406 gelidus
815 343 1032 393 Nereida
1066 346 1252 408 pallor:

87 424 169 474 ille
202 425 371 474 aderat
405 425 561 472 multo
597 425 778 473 sudore
813 432 862 473 et
896 425 1096 487 pulvere
1132 425 1301 486 maior,

89 514 138 556 et
172 514 338 554 tamen
372 521 508 554 arma
541 503 668 553 inter
701 503 1058 568 festinatosque
1092 506 1284 555 labores
1666 514 1745 557 160

89 584 246 636 dulcis
280 586 445 635 adhuc
479 583 615 634 visu:
661 584 807 634 niveo
841 594 978 634 natat
1011 585 1136 649 ignis
1171 585 1223 634 in
1259 602 1343 636 ore

89 682 360 731 purpureus
395 667 630 729 fulvoque
664 665 787 715 nitet
823 683 967 715 coma
1001 666 1182 730 gratior
1216 684 1349 717 auro.

90 748 305 797 necdum
341 745 498 810 prima
531 763 661 796 nova
693 747 925 810 lanugine
958 746 1160 797 vertitur
1193 756 1341 809 aetaS‚

91 826 482 891 tranquillaeque
515 828 647 876 faces
683 827 839 877 oculis
876 837 924 877 et
958 827 1169 892 plurima
1203 830 1343 878 vultu

92 917 247 958 mater
280 907 437 957 inest:
473 908 630 972 qualis
667 909 818 972 Lycia
850 918 1055 958 venator
1089 911 1272 973 Apollo
1671 917 1745 970 165
1813 919 1816 922 ’

91 1006 206 1040 cum
240 988 367 1038 redit
401 997 450 1038 et
484 989 640 1038 saevis
674 998 920 1053 permutat
952 991 1138 1053 plectra
1170 989 1422 1054 pharetris.

92 1071 217 1119 forte
251 1079 301 1118 et
334 1071 491 1119 laetus
525 1071 668 1119 adest
703 1070 755 1134 <o
790 1079 1032 1134 quantum
1067 1070 1247 1134 gaudia
1281 1072 1468 1120 formae

93 1150 315 1202 adiciunt
338 1150 399 1215 !):
446 1151 596 1199 fetam
632 1152 846 1200 Pholoes
883 1150 976 1201 sub
1011 1168 1132 1214 rupe
1166 1153 1391 1200 leaenam

93 1233 366 1296 perculerat
399 1232 526 1281 ferro
561 1231 828 1295 vacuisque
863 1231 1124 1295 reliquerat
1157 1231 1309 1281 antris

93 1313 267 1378 ipsam,
305 1313 394 1361 sed
428 1313 617 1362 catulos
651 1313 880 1376 adportat
914 1321 963 1362 et
998 1311 1170 1361 incitat
1205 1311 1396 1375 unguis.
1675 1329 1754 1374 170

94 1410 219 1459 quos
255 1402 436 1453 tamen,
474 1402 528 1442 ut
563 1394 667 1443 fido
699 1393 919 1456 genetrix
952 1393 1005 1443 in
1038 1393 1208 1442 limine
1242 1393 1346 1442 visa
1381 1402 1466 1454 est,

95 1474 246 1525 abicit
281 1483 637 1538 exceptamque
671 1473 827 1523 avidis
863 1474 1168 1538 circumligat
1203 1474 1346 1534 ulnis,

95 1556 194 1605 iam
229 1555 386 1619 gravis
419 1557 650 1619 amplexu
685 1554 884 1618 iamque
918 1571 1106 1619 aequus
1142 1554 1324 1605 vertice
1360 1555 1515 1604 matri.

95 1635 370 1700 insequitur
403 1652 584 1699 magno
620 1635 720 1685 iam
755 1645 874 1685 tunc
909 1653 1126 1685 conexus
1161 1653 1331 1685 amore

98 1720 350 1767 Patroclus
386 1717 634 1781 tantisque
668 1717 955 1767 accenditur
988 1719 1213 1766 aemulus
1248 1716 1371 1766 actis
1679 1734 1754 1780 175

98 1817 184 1864 par
218 1798 392 1849 studiis
427 1799 635 1862 aevique
669 1798 846 1859 modis,
885 1799 974 1848 sed
1007 1799 1184 1847 robore
1219 1800 1381 1862 longe,

99 1890 148 1931 et
183 1889 350 1930 tamen
384 1879 578 1944 aequali
612 1879 801 1929 visurus
839 1882 1076 1943 Pergama
1111 1881 1225 1928 fato.

168 1961 398 2011 Protinus
432 1961 514 2010 ille
549 1961 681 2010 subit
715 1960 888 2025 rapido
925 1977 1052 2024 quae
1082 1959 1304 2023 proxima
1338 1961 1464 2009 saltu

98 2042 304 2092 flumina
338 2041 672 2105 fumantisque
705 2058 854 2105 genas
889 2040 1175 2105 crinemque
1210 2050 1419 2093 novatur

99 2123 348 2175 fontibus:
388 2125 605 2173 Eurotae
639 2122 796 2186 qualis
831 2124 959 2172 vada
994 2124 1171 2173 Castor
1203 2123 1386 2171 anhelo
1684 2132 1761 2172 180

101 2205 248 2256 intrat
283 2221 414 2268 equo
449 2206 734 2267 fessumque
770 2203 846 2254 sui
881 2203 1021 2252 iubar
1056 2203 1235 2252 excitat
1270 2203 1398 2252 astri.

103 2287 315 2346 miratur,
355 2285 608 2349 comitque
643 2302 793 2335 senex
827 2302 962 2334 nunc
995 2293 1197 2348 pectora
1232 2285 1454 2333 mulcens

55 2364 58 2365 ⁷
103 2384 237 2417 nunc
272 2366 409 2416 fortis
444 2383 671 2416 umeros:
718 2375 906 2429 angunt
941 2382 1029 2414 sua
1063 2364 1244 2430 gaudia
1278 2374 1497 2414 matrem.

23 2451 27 2455 ’
103 2459 222 2499 tunc
256 2448 409 2498 libare
444 2450 597 2512 dapes
635 2449 962 2511 Baccheaque
997 2463 1203 2496 munera
1238 2445 1427 2497 Chiron

161 2613 239 2662 156
267 2610 492 2661 Argolicos
507 2609 734 2650 Heafflznsms
762 2610 930 2660 Arogos
945 2609 1015 2649 E:
1044 2609 1215 2660 Argoos
1231 2609 1301 2647 Ρω
1370 2608 1598 2661 The[ssala
1618 2610 1761 2662 reges]

107 2679 210 2719 quae
233 2666 347 2705 uncis
367 2665 515 2704 inclusi
530 2677 611 2703 om.
635 2664 687 2714 P,
711 2664 808 2703 add.
835 2677 906 2703 rec.
932 2678 989 2706 m.
1171 2675 1246 2714 157
1277 2677 1359 2703 om.
1385 2662 1499 2711 (add.
1521 2664 1605 2703 imo
1625 2677 1761 2715 marg.

108 2734 177 2761 rec.
208 2720 285 2763 m.)
315 2719 359 2758 Ρ
388 2732 514 2770 neque
546 2718 812 2758 omissionem
842 2717 1029 2770 deprecor
1227 2720 1303 2757 166
1331 2718 1446 2757 senis
1465 2717 1507 2757 E
1690 2731 1762 2768 171

96 2776 199 2826 fort.
214 2774 357 2824 bifido,
375 2773 402 2812 i.
420 2786 448 2813 e.
470 2773 514 2812 in
533 2773 674 2811 limme
693 2773 810 2811 antra
931 2783 1006 2822 175
1027 2772 1274 2812 accenditur
1287 2772 1488 2813 Bernart:
1520 2772 1766 2812 extenditur

109 2828 219 2869 codd.
362 2829 439 2879 176
467 2827 613 2879 longe]
636 2827 780 2877 dispar
801 2827 1030 2879 Colinaeus,
1056 2826 1208 2865 Gevart
1379 2839 1456 2878 179
1485 2827 1708 2879 crinesque
1727 2826 1769 2866 E

114 2884 192 2924 180
218 2894 324 2935 vaga
342 2882 386 2922 P
531 2882 604 2922 181
635 2881 859 2933 fessusque
879 2880 922 2921 P
1043 2880 1171 2925 astris
1188 2879 1231 2921 E
