1884 3204
1005 46 1417 96 THEBAIDOS
1454 47 1669 95 LIBER
1706 48 1780 97 IV

130 191 277 247 atque
311 181 407 232 ita:
457 183 574 231 ‘Me
607 181 783 245 globus
819 180 910 230 iste
946 198 1207 245 meamque
1244 166 1528 231 exscindere
1563 193 1760 246 gentem

128 271 356 327 apparat3
402 278 460 311 ex
494 263 643 325 longo
678 262 857 310 recalet
891 262 1054 321 furor3
1100 262 1196 310 hoc
1233 261 1354 309 mihi
1390 279 1591 311 saevum
1695 271 1774 324 671

79 337 84 348 '
128 347 285 407 Argos
319 353 368 392 et
402 341 672 391 indomitae
709 341 894 390 bellum
931 340 1026 390 ciet
1062 341 1131 390 ira
1166 359 1422 392 novercae.

129 441 283 488 usque
315 425 509 473 adeone
543 439 716 486 parum
752 421 903 471 cineri
938 424 1054 471 data
1091 432 1247 471 mater
1281 422 1454 486 iniquo

39 522 41 524 ’
127 505 409 567 natalesque
444 503 547 567 rogi
582 519 809 566 quaeque
844 502 950 567 ipse
987 502 1220 551 micantia
1255 502 1385 552 sensi

74 651 79 655 Ι
126 585 349 648 fulgura?
394 583 621 647 reliquias
657 583 805 633 etiam
842 585 1078 646 fusaeque
1114 585 1393 647 sepulcrum
1697 592 1778 645 675

127 666 324 734 paelicis
359 675 408 715 et
442 665 653 715 residem
689 667 815 715 ferro
851 664 973 728 petit
1009 664 1162 729 impia
1197 666 1423 715 Theben.

51 737 319 798 (nectam
354 748 524 796 fraude
560 763 720 795 moras
740 764 755 808 3
800 746 952 805 illum,
991 745 1129 794 illum
1173 745 1361 795 tendite
1396 763 1642 810 campum,

91 890 95 894 ᾗ
126 827 325 887 tendite,
363 827 425 886 io,
463 826 701 877 comites.'
771 829 1035 891 Hyrcanae
1069 828 1133 876 ad
1169 826 1307 890 signa
1343 827 1527 891 iugales

126 909 400 959 intumuere
435 908 592 969 iubas,
630 908 766 958 dicto
802 908 934 972 prius
970 908 1122 957 astitit
1156 908 1297 958 arvis.

191 991 413 1054 Tempus
449 999 551 1039 erat
586 989 736 1039 medii
772 1007 887 1039 cum
923 991 1077 1039 solem
1115 989 1166 1038 in
1202 990 1422 1039 culmina
1461 990 1634 1040 mundi
1700 998 1783 1039 680

59 1097 62 1099 Α
127 1071 251 1122 tollit
285 1072 463 1119 anhela
497 1069 622 1132 dies,
654 1070 741 1120 ubi
776 1073 942 1120 tardus
978 1070 1228 1120 hiantibus
1263 1071 1388 1120 arvis

127 1161 222 1202 stat
256 1167 408 1214 vapor
440 1160 590 1214 atque
625 1168 799 1201 omnes
834 1152 1103 1201 admittunt
1138 1153 1338 1201 aethera
1373 1151 1484 1200 luci.

127 1233 370 1282 undarum
405 1241 548 1280 vocat
583 1231 665 1280 ille
699 1233 817 1281 deas
855 1231 1148 1296 mediusque
1183 1232 1415 1280 silentum

128 1312 329 1377 incipit:
381 1315 639 1376 ‘Agrestes
677 1312 938 1361 fluviorum
974 1312 1181 1361 numina
1217 1314 1481 1376 Nymphae

127 1403 176 1444 et
211 1392 363 1442 nostri
397 1409 507 1456 pars
545 1409 721 1456 magna
755 1393 931 1457 gregis,
963 1395 1172 1457 perferte
1207 1393 1427 1442 laborem
1701 1400 1782 1453 685

127 1492 274 1540 quem
309 1475 498 1523 damus.
570 1473 826 1537 Argolicos
860 1476 1062 1537 paulum
1099 1473 1220 1522 mihi
1255 1473 1476 1522 fontibus
1510 1473 1670 1522 amnis

127 1565 395 1619 stagnaque
430 1564 479 1604 et
514 1555 716 1604 errantis
749 1554 985 1604 obducite
1019 1556 1219 1618 pulvere
1255 1553 1397 1603 rivos,

128 1637 438 1703 praecipuam
477 1638 717 1696 Nemeen,
756 1653 855 1699 qua
889 1645 1055 1685 nostra
1090 1635 1141 1684 in
1179 1634 1376 1685 moenia
1412 1635 1556 1685 bellis

129 1735 262 1768 nunc
296 1718 398 1778 iter,
436 1735 496 1767 ex
530 1720 631 1767 alto
665 1717 818 1782 fugiat
853 1717 1014 1781 liquor
1030 1735 1045 1778 ,-
1095 1717 1298 1766 adiuvat
1333 1716 1438 1780 ipse

129 1800 361 1849 Phoebus
396 1801 560 1848 adhuc
596 1815 806 1858 summo,
845 1807 1004 1848 cesset
1038 1798 1090 1846 ni
1124 1807 1284 1847 vestra
1319 1799 1563 1856 voluntas,
1705 1805 1789 1859 690

128 1880 314 1941 limite3
360 1879 459 1928 vim
494 1879 681 1943 coeptis
716 1879 974 1942 indulgent
1007 1889 1148 1937 astra,
1187 1895 1428 1941 meaeque

128 1961 322 2012 aestifer
358 1960 595 2024 Erigones
632 1969 828 2023 spumat
863 1959 1015 2008 canis,
1086 1958 1152 2008 ite
1187 1961 1424 2019 volentes,

130 2043 196 2092 ite
231 2042 282 2090 in
317 2052 488 2106 operta
522 2041 643 2102 soli3
689 2050 802 2104 post
837 2057 924 2089 vos
960 2057 1052 2104 ego
1087 2034 1275 2104 g'urgite
1309 2042 1460 2104 pleno

131 2123 338 2183 eliciam,
376 2132 424 2172 et
460 2139 587 2185 quae
622 2123 755 2170 dona
791 2121 912 2170 meis
947 2120 1250 2185 amplissima
1285 2121 1432 2170 sacris

132 2213 290 2254 vester
323 2202 526 2252 habebit
561 2204 739 2263 honos,
773 2212 1114 2265 nocturnaque
1149 2204 1276 2251 furta
1311 2202 1547 2251 licentum
1705 2212 1784 2264 695

133 2284 456 2348 cornipedum
493 2293 541 2333 et
578 2283 782 2347 cupidas
819 2286 1102 2332 Faunorum
1137 2283 1319 2333 arcebo
1356 2283 1581 2347 rapinas.'

201 2365 400 2414 Dixerat
417 2382 432 2424 3
475 2373 550 2412 ast
584 2363 677 2412 illis
712 2363 905 2413 tenuior
939 2380 1218 2428 percurrere
1252 2363 1383 2412 visus

183 2494 265 2541 670
294 2491 444 2541 globus
473 2491 553 2530 iste
581 2491 706 2530 PDA
730 2506 740 2531 :
774 2505 923 2531 manus
953 2492 1033 2531 ista
1063 2490 1270 2542 BKNQS
1379 2494 1456 2542 671
1489 2492 1698 2543 exlongo
1725 2492 1788 2532 P:

131 2552 174 2586 et
195 2546 321 2596 longo
340 2545 415 2585 N:
443 2552 487 2585 et
507 2546 632 2596 longe
651 2545 858 2596 BDKQS
1035 2549 1115 2595 674
1145 2546 1342 2585 minantia
1362 2545 1405 2584 P
1581 2549 1661 2596 675
1693 2547 1786 2586 reli-

131 2600 335 2650 quiasque
352 2600 394 2638 D
501 2603 582 2649 676
602 2601 794 2640 resides.
855 2600 1052 2640 ,Thebas
1071 2599 1118 2638 N
1224 2600 1352 2650 impia
1371 2598 1485 2639 ΡΑ.
1515 2601 1708 2653 improba
1721 2601 1791 2640 ωδ

129 2656 211 2703 678
240 2667 290 2693 eo
311 2653 359 2692 N
461 2655 539 2703 687
570 2661 740 2693 arentes
759 2654 1015 2704 quraredus
1133 2655 1214 2693 688
1242 2655 1510 2705 praecipuam
1532 2668 1711 2695 nemeen
1727 2656 1789 2694 P.

132 2709 385 2759 praecipuus
406 2721 578 2747 nemees
597 2708 666 2748 ωδ
687 2709 752 2757 (m
773 2722 855 2747 ras.
876 2708 921 2747 D
939 2709 993 2748 al.
1017 2722 1091 2749 m.:
1110 2709 1363 2759 praecipuus
1377 2722 1478 2748 corr
1500 2723 1543 2747 m
1564 2710 1790 2760 praecipue

131 2762 184 2803 αΙ.
208 2776 264 2802 m.
288 2762 345 2812 Q)
509 2764 591 2813 689
620 2776 674 2802 ex
693 2763 779 2802 alto
798 2769 890 2814 sup.
912 2762 937 2802 l.
963 2762 1005 2800 D
1132 2765 1214 2812 690
1241 2764 1377 2802 adhuc
1397 2762 1516 2802 PNS
1532 2777 1603 2805 sec.
1625 2778 1682 2805 m.
1706 2765 1755 2803 L.

131 2817 184 2856 ad
204 2817 283 2856 hoc
302 2815 508 2866 BDKQS
529 2823 595 2868 pr.
619 2830 676 2857 m.
838 2820 918 2867 692
948 2817 1130 2857 pestifer
1147 2817 1194 2856 N
1298 2818 1488 2859 volantes
1509 2818 1549 2857 P
1710 2821 1789 2870 697

134 2871 301 2911 tenuior
320 2870 384 2921 Q:
414 2871 554 2910 tenuis
573 2875 656 2911 cett.
766 2884 1002 2924 ppcurrere
1022 2871 1064 2911 P
