1884 3204
973 83 1460 134 ACHILLEIDos
1497 85 1713 133 LIBER
1749 56 1788 132 1‘

182 222 347 285 Atque
381 219 465 270 ibi·
485 221 606 270 dum
643 219 794 269 mixta
827 220 991 270 vallati
1026 223 1172 284 plebe
1208 239 1410 272 suorum

113 311 163 351 et
198 301 342 350 maris
378 310 426 350 et
461 301 578 350 belli
612 303 893 350 consultant
928 310 1151 366 tempora
1185 320 1336 366 regeS,

114 381 409 446 increpitans
445 399 625 445 magno
660 391 823 431 vatem
861 383 1135 432 Calchanta
1169 386 1383 444 tumultu

115 461 410 512 Protesilaus
445 462 576 526 agit:
623 479 840 527 namque
875 462 991 512 huic
1027 464 1209 513 bellare
1244 464 1427 528 cupido

112 543 375 608 praecipua
410 553 459 593 et
493 543 679 607 primae
714 544 812 593 iam
848 553 967 594 tunc
1002 547 1118 594 data
1151 546 1305 609 gloria
1341 545 1544 596 mortis:
1692 566 1772 609 495

115 626 190 675 ‘O
226 624 434 673 nimium
470 624 663 674 Phoebi
697 625 1048 689 tripodumque
1084 625 1238 675 oblite
1273 635 1485 687 tuorum,

111 705 420 766 Thestoride,
459 707 661 769 quando
697 723 781 755 ora
816 708 913 756 deo
948 723 1175 770 possessa
1215 707 1438 756 movebis

111 786 284 836 iustius
318 795 403 835 aut
437 786 670 850 quianam
707 789 968 836 Parcarum
1005 789 1200 836 occulta
1233 787 1484 837 recludis?

112 866 269 917 cernis
303 877 358 916 ut
392 867 615 931 ignotum
652 868 819 917 cuncti
854 878 1183 932 stupeantque
1218 870 1527 933 fremantque

112 944 406 994 Aeaciden?
452 947 654 994 sordent
689 947 837 1009 vulgo
874 946 1179 1009 Calydonius
1215 947 1360 996 heros
1693 968 1775 1010 500

111 1034 159 1074 et
195 1042 376 1089 magno
409 1025 603 1090 genitus
639 1028 913 1076 Telamone
948 1026 1172 1090 Aiaxque
1207 1028 1469 1076 secundus.

111 1121 202 1155 nos
239 1108 599 1170 quoque—sed
636 1109 837 1156 Mavors
873 1116 922 1156 et
957 1107 1108 1156 Troia
1142 1117 1334 1171 arrepta
1367 1108 1667 1171 probabunt.

110 1186 247 1235 illum
283 1187 519 1251 neglectis
552 1187 730 1251 (pudet
765 1189 862 1237 heu
883 1188 915 1252 1)
950 1187 1239 1237 ductoribus
1274 1191 1448 1237 Omnes

110 1268 396 1332 belligerum
433 1286 524 1318 ceu
560 1286 747 1318 numen
781 1278 963 1318 amant.
1036 1269 1118 1318 dic
1153 1269 1290 1318 ocius
1329 1269 1434 1333 (aut
1469 1287 1556 1319 cur

110 1359 236 1399 serta
271 1349 427 1399 comis
463 1359 511 1398 et
546 1352 730 1399 multus
765 1351 925 1399 honos
941 1348 983 1413 ?)
1020 1349 1200 1413 quibus
1235 1349 1434 1399 abditus
1470 1350 1580 1410 oris,
1693 1373 1772 1414 505

109 1447 208 1494 qua
242 1430 412 1480 iubeas
448 1432 620 1480 tellure
654 1430 796 1494 peti?
840 1448 957 1480 nam
992 1432 1124 1479 fama
1158 1448 1251 1480 nec
1285 1430 1436 1480 antris

111 1511 341 1563 Chironis
376 1512 531 1576 patria
565 1529 658 1561 nec
693 1514 870 1576 degere
907 1514 1082 1561 Peleos
1117 1514 1242 1561 aula.

107 1589 232 1650 heia,
270 1589 497 1652 inrumpe
532 1590 653 1638 deos
689 1597 738 1638 et'
772 1591 871 1637 fata
905 1588 1107 1638 latentia
1141 1606 1276 1650 vexa,

108 1669 472 1734 laurigerosque
506 1669 645 1734 ignis,
685 1670 726 1719 si
761 1671 977 1734 quando,
1016 1669 1328 1719 avidissimus
1364 1669 1534 1719 hauri!

107 1768 242 1800 arma
275 1753 522 1800 horrenda
555 1751 645 1799 tibi
681 1768 953 1814 saevosque
987 1750 1264 1799 remisimus
1299 1751 1444 1811 ensis,
1690 1772 1772 1814 510

108 1849 380 1896 numquam
415 1834 504 1881 has
539 1831 751 1881 imbellis
793 1834 931 1896 galea
965 1831 1212 1881 violabere
1245 1831 1420 1881 vittas:

108 1915 195 1964 sed
230 1913 345 1963 felix
378 1930 685 1977 numeroque
720 1914 906 1962 ducum
941 1913 1264 1977 praestantior
1297 1913 1448 1973 omni,

107 1994 147 2044 si
172 2011 417 2059 magnum
454 1993 640 2043 Danais
675 2011 763 2058 per
796 2003 845 2044 te
879 1994 1145 2059 deprendis
1179 1994 1457 2043 Achillem.'

161 2116 240 2154 494
270 2103 356 2154 agit
384 2102 427 2141 P
450 2102 564 2153 quod
589 2103 711 2153 recepi
735 2102 819 2141 coll.
842 2101 967 2144 Lucr.
996 2102 1052 2142 iii.
1081 2105 1192 2152 963:
1234 2101 1294 2142 ait
1322 2103 1395 2142 mE
1421 2106 1459 2141 et
1483 2101 1572 2142 edd.
1689 2116 1771 2155 495

106 2157 260 2208 primi.
285 2187 295 2197 .
321 2187 330 2197 .
353 2157 500 2197 Martis
530 2157 616 2196 cod.
649 2157 823 2196 Bentleii
1009 2158 1089 2207 498
1117 2157 1314 2207 quianam
1346 2156 1414 2195 P:
1457 2169 1664 2206 quaenam
1697 2160 1770 2198 Em

105 2212 286 2251 recludis
301 2213 516 2264 (recludes
531 2211 661 2262 codd.)
675 2211 778 2262 dedi,
797 2213 821 2254 i.
832 2225 863 2251 e.
895 2211 1022 2251 celas.
1073 2210 1277 2250 Similiter
1292 2211 1396 2252 Silv.
1412 2211 1453 2251 ii.
1477 2225 1514 2260 4.
1530 2224 1583 2262 32
1603 2213 1768 2258 recluso

114 2265 311 2305 =vinclis
344 2273 542 2306 retento:
572 2265 677 2306 Silv.
714 2266 771 2306 iii.
804 2279 841 2315 4.
875 2268 930 2317 98
963 2265 1135 2305 reclusit
1160 2287 1190 2299 =
1216 2266 1381 2316 operuit
1404 2281 1413 2305 :
1441 2279 1567 2315 neque
1594 2280 1768 2308 ommno

106 2319 224 2372 apud
233 2319 421 2359 Statium
437 2321 590 2372 aperire
608 2319 697 2372 (sed
709 2326 871 2372 semper
880 2321 1048 2371 operire)
1069 2320 1298 2371 significare
1314 2322 1388 2359 hoc
1403 2320 1572 2358 verbum
1585 2322 1773 2373 suspicor

106 2388 188 2426 499
206 2375 345 2414 cuncti
357 2374 444 2414 EK
463 2390 471 2413 :
491 2376 653 2414 cunctis
670 2374 751 2424 PQ
859 2375 1125 2425 fremantque
1143 2374 1182 2413 E
1199 2389 1208 2413 :
1229 2379 1505 2425 premantque
1522 2374 1594 2414 Ρω
1685 2389 1768 2426 500

20 2449 24 2451 Δ
104 2429 280 2468 sordent
294 2429 358 2467 P:
379 2430 524 2468 sordet
543 2444 573 2467 ω
627 2441 817 2479 501—502
829 2429 887 2468 sic
897 2429 1135 2480 interpunxi
1184 2441 1264 2478 502
1279 2435 1320 2468 et
1333 2434 1394 2467 H:
1417 2429 1492 2467 sed
1512 2443 1542 2466 ω
1597 2437 1767 2481 arrepta

104 2498 134 2522 ω
149 2483 231 2536 (Le.
246 2483 291 2521 in
305 2485 423 2522 cuius
436 2484 522 2523 solo
530 2484 701 2534 primus
716 2483 963 2522 Graecorum
976 2483 1231 2522 Protesilaus
1241 2485 1412 2534 plantas
1415 2483 1538 2534 figet)
1561 2497 1571 2525 ε
1589 2485 1766 2535 abrepta

104 2537 218 2588 H,cgfi
239 2538 332 2586 7843
354 2537 395 2576 ii.
419 2550 469 2576 21
556 2550 636 2587 505
666 2538 821 2576 multus
842 2543 878 2576 Π
899 2551 908 2575 z
938 2544 1079 2576 mutus
1096 2542 1206 2577 cett.:
1235 2538 1346 2577 mitis
1370 2537 1603 2576 Gronovius
1684 2543 1767 2588 506

104 2604 188 2641 qua
206 2591 352 2630 iubeas
371 2592 413 2630 E
428 2605 438 2630 ε
467 2604 604 2642 quane
625 2592 742 2631 iuves
761 2592 828 2630 P:
857 2605 991 2641 quave
1013 2592 1133 2630 iubes
1150 2607 1180 2631 ω
1239 2604 1317 2641 511
1350 2605 1406 2630 an
1425 2593 1531 2632 hac?
1596 2592 1766 2642 galeare

103 2646 263 2685 violare
282 2644 347 2684 P:
376 2646 497 2696 galea
516 2646 729 2685 violavere
751 2645 816 2697 (re
835 2647 890 2686 al.
917 2645 997 2698 m)
1017 2645 1059 2683 E
1129 2658 1209 2695 512
1239 2645 1524 2696 praestantior
1543 2646 1673 2697 (—rae-
1692 2662 1761 2688 rec.

107 2714 164 2740 m.
186 2700 230 2738 in
260 2699 363 2749 ras.)
395 2700 438 2738 P
543 2712 624 2750 513
655 2712 733 2750 per
751 2706 795 2738 te
821 2700 1043 2739 Colinaeus
1075 2699 1131 2751 (et
1160 2700 1281 2739 codex
1317 2705 1481 2748 meus):
1519 2714 1597 2751 pro
1618 2707 1661 2740 te
1694 2707 1764 2740 Πω

105 2754 389 2804 deprehendis
403 2753 445 2792 E
460 2755 709 2804 <deprendis
736 2754 859 2793 codex
872 2754 1037 2805 meus).
1029 2769 1037 2777 ·
1068 2754 1276 2804 dependis
1294 2756 1366 2801 (de
1384 2756 1429 2793 in
1450 2769 1532 2796 νας.
1547 2767 1614 2795 rec.
1631 2768 1689 2795 m.
1695 2756 1767 2806 >P

107 2808 172 2860 (qfi
194 2819 288 2859 511,
312 2819 392 2857 512
412 2807 520 2847 unde
534 2810 802 2860 manifestum
832 2813 891 2847 est
919 2809 1162 2848 lacunosum
1195 2809 1269 2847 hoc
1298 2810 1381 2848 loco
1402 2811 1538 2859 fuisse
1565 2808 1771 2849 Puteanei

105 2862 418 2914 archetspum).
453 2863 659 2913 dependis
674 2863 843 2913 salsum
869 2867 929 2901 est
950 2865 1152 2913 quoniam
1187 2863 1331 2915 agitur
1358 2877 1440 2903 non
1474 2869 1567 2904 uter
1594 2865 1771 2903 militari

106 2915 240 2956 debeat
256 2916 331 2956 sed
346 2917 419 2956 ubi
429 2918 619 2968 gentium
640 2919 693 2956 szt
708 2918 910 2957 Achilles:
939 2919 1161 2968 portendis
1179 2933 1209 2958 ω
1230 2918 1363 2970 <salsa
1381 2918 1430 2959 de
1446 2918 1488 2959 E
1502 2918 1698 2972 Schenkl)

1575 2981 1656 3020 24*
1716 3008 1748 3018 ,,
