1884 3204
959 121 1444 172 ACHILLEIDOS
1482 121 1699 171 LIBER
1735 121 1760 171 I

26 285 27 290 =
106 259 261 308 laetus
296 266 345 308 et
381 272 627 321 aequoreo
662 257 868 307 diffusus
902 266 1099 307 nectare
1133 260 1311 318 vultuS,

106 340 240 388 unde
274 337 460 387 hiemes
495 338 728 401 ventique
759 337 904 387 silent
938 347 1186 401 cantuque
1222 338 1392 402 quieto

104 418 327 482 armigeri
360 418 590 468 Tritones
625 427 744 467 eunt
778 420 1138 482 scopulosaque
1173 429 1282 468 cete
1710 439 1760 482 55

105 498 443 562 Tyrrhenique
477 515 645 563 greges
681 498 966 562 circumque
1000 498 1224 562 infraque
1259 508 1480 551 rotantur

26 598 29 599 ⁷
103 596 214 644 rege
249 581 458 628 salutato
475 598 490 641 3
535 579 740 643 placidis
776 572 895 643 ipse'
915 581 1096 629 arduus
1133 579 1280 629 undis

104 659 287 710 eminet
322 669 371 709 et
406 659 583 724 triplici
618 662 718 709 telo
753 659 891 709 iubet
925 660 994 709 ire
1029 659 1232 724 iugalis:

59 768 61 770 ·
102 740 171 790 illi
205 740 498 806 spumiferos
531 743 806 805 glomerant
840 758 870 790 a
903 750 1103 805 pectore
1138 757 1322 802 cursuS,

101 838 232 886 pone
267 830 438 870 natant
473 823 739 885 delentque
773 823 960 885 pedum
995 821 1203 886 vestigia
1233 823 1421 872 cauda:
1707 829 1763 872 60

101 918 215 951 cum
250 901 454 952 Thetis:
504 907 515 929 ‘
535 904 581 953 O
617 902 783 967 magni
816 903 1009 966 genitor
1042 912 1301 967 rectorque
1335 903 1603 967 profundi:

100 981 313 1046 adspicis
348 982 399 1031 in
435 983 592 1047 qualis
628 983 861 1033 miserum
897 983 1183 1047 patefeceris
1219 1001 1336 1033 usus

99 1066 320 1127 aequor?
366 1074 484 1113 eunt
519 1063 636 1114 tutis
670 1074 915 1114 terrarum:
940 1065 1145 1114 crimina
1178 1065 1312 1126 velis,

101 1161 160 1194 ex
195 1161 295 1208 quo
330 1144 435 1194 iura
468 1145 577 1195 freti
612 1145 1020 1210 maiestatem-que
1054 1155 1302 1210 repostam

100 1225 229 1290 rupit
265 1226 464 1275 Iasonia
497 1226 677 1290 puppis
713 1229 960 1290 Pagasaea
993 1226 1176 1290 rapina.
1708 1234 1762 1292 65

101 1323 163 1356 en
203 1306 339 1356 aliud
373 1309 502 1356 furto
537 1309 696 1356 scelus
732 1317 780 1357 et
815 1307 972 1371 spolia
1006 1307 1202 1371 hospita
1235 1316 1437 1371 portans

102 1386 296 1450 navigat
329 1386 539 1436 iniustae
574 1386 857 1436 temerarius
892 1387 1073 1436 arbiter
1109 1389 1244 1447 Idae,

102 1469 228 1517 eheu
264 1484 389 1531 quos
423 1467 634 1532 gemitus
670 1467 806 1517 terris
842 1470 1080 1531 caeloque
1116 1469 1332 1527 daturus,

101 1565 225 1612 quos
261 1548 415 1598 mihi!
474 1548 544 1598 sic
579 1548 817 1612 Phrygiae
835 1565 1117 1613 &pensamus
1151 1548 1331 1612 gaudia
1365 1550 1574 1612 palmae,

100 1629 151 1679 hi
185 1629 392 1679 Veneris
427 1646 604 1691 mores,
639 1630 738 1681 hoc
770 1638 934 1693 gratae
969 1646 1149 1678 munus
1183 1631 1455 1679 alumnae?
1710 1647 1761 1693 70

100 1712 188 1759 has
224 1712 398 1759 saltem
433 1708 577 1774 (num
613 1709 859 1759 semideos
894 1720 1218 1775 nostrumque
1253 1720 1504 1775 reportant

101 1793 297 1841 Thesea
315 1791 371 1856 P),
410 1791 451 1840 si
486 1790 596 1855 quis
630 1793 796 1840 adhuc
831 1791 978 1841 undis
1014 1793 1188 1852 honor,
1226 1793 1381 1842 obrue
1416 1791 1610 1857 puppis,

101 1881 185 1920 aut
219 1871 447 1936 permitte
481 1874 690 1921 fretum!
737 1874 872 1923 nulla
906 1872 1251 1923 inclementias:
1301 1875 1373 1923 fas
1408 1873 1470 1922 sit

101 1969 190 2017 pro
225 1962 343 2001 nato
378 1952 599 2002 timuisse
635 1952 770 2002 mihi.
842 1955 908 2003 da
941 1955 1112 2003 tollere
1147 1956 1338 2014 fluctus,

102 2050 195 2082 nec
229 2032 319 2082 tibi
354 2034 418 2082 de
452 2032 599 2082 tantis
635 2035 828 2097 placeat
862 2051 943 2084 me
978 2034 1252 2086 ’tfluctibus
1275 2039 1459 2088 unam.†
1710 2051 1767 2097 75-

101 2113 214 2162 litus
250 2122 299 2162 et
335 2113 475 2162 Iliaci
509 2115 738 2177 scopulos
773 2114 995 2164 habitare
1029 2115 1270 2179 sepulcri.'

168 2194 357 2244 Orabat
391 2193 572 2243 laniata
605 2211 756 2258 genas
791 2204 840 2243 et
874 2205 1074 2259 pectore
1109 2198 1259 2246 nudo>

101 2275 334 2324 caeruleis
370 2275 599 2324 obstabat
635 2275 787 2339 equis.
859 2278 948 2326 sed
993 2286 1153 2326 rector
1184 2294 1433 2341 aquarum-

101 2355 274 2404 invitat
308 2373 451 2404 curru
487 2355 731 2419 dictisque
766 2356 833 2405 ita
868 2359 1052 2407 mul'cet
1086 2358 1290 2408 amicis:

40 2469 44 2473 ›
104 2437 211 2486 ‘Ne
245 2445 359 2500 pete
396 2436 700 2486 Dardaniam
734 2438 921 2497 frustra,
959 2439 1122 2500 Theti,
1161 2456 1378 2504 mergere
1412 2441 1653 2489 classem:
1706 2448 1760 2486 80

155 2575 208 2615 54
236 2565 402 2605 hiemes
415 2565 500 2604 uK
513 2579 522 2605 ε
550 2565 707 2605 hilares
727 2564 767 2616 Q
781 2565 872 2606 dett.
977 2572 1020 2606 et
1039 2568 1157 2607 venti
1176 2567 1240 2608 sil.
1256 2569 1298 2608 E
1391 2568 1531 2608 soluto
1545 2568 1589 2609 E
1706 2582 1761 2620 59

102 2631 250 2658 cursus
277 2619 342 2659 P:
371 2620 524 2659 fluctus
553 2620 624 2658 Εω
814 2623 868 2661 68
899 2621 1100 2672 caeloque
1120 2628 1187 2661 H:
1216 2623 1456 2673 pelagoque
1483 2639 1514 2662 ω
1704 2627 1760 2674 69

103 2674 257 2723 gaudia
283 2673 350 2713 P:
379 2674 566 2724 praemia
593 2673 662 2712 Εω
836 2688 888 2725 70
916 2688 1057 2715 mores
1077 2678 1246 2716 veneris
1265 2678 1306 2716 E
1479 2690 1529 2727 71
1561 2690 1661 2716 num
1690 2677 1759 2718 P:

103 2727 219 2766 numi
238 2727 302 2766 E:
330 2741 444 2766 nunc
465 2728 530 2778 Q:
559 2729 585 2766 fl
599 2728 645 2766 Κ
806 2741 859 2779 72
889 2730 1026 2768 honor
1045 2731 1171 2770 undis
1189 2731 1231 2770 E
1386 2743 1438 2781 73
1467 2732 1570 2780 haut
1588 2731 1632 2770 P
1648 2732 1758 2783 (pro-

103 2781 223 2820 bante
237 2781 445 2833 Klotzioz)
613 2795 663 2831 74
694 2783 845 2822 tollere
866 2784 1014 2823 fluctus
1033 2784 1128 2824 Em:
1159 2785 1318 2835 pellere
1337 2785 1476 2825 luctus
1503 2785 1546 2825 P
1708 2798 1756 2836 75

105 2847 230 2874 unam
248 2836 316 2875 P:
345 2849 475 2875 unum
495 2835 566 2875 Εω
585 2850 594 2876 :
625 2838 825 2887 neptibus
846 2851 969 2876 unam
992 2839 1231 2879 Baehrens:
1260 2840 1334 2878 alii
1348 2841 1431 2879 alia
1543 2840 1596 2890 76
1625 2839 1757 2879 iliacis

104 2889 248 2928 oculos
276 2889 319 2928 P
505 2903 555 2940 77
586 2903 728 2930 comas
759 2891 815 2941 ρ’
836 2893 901 2943 (ιή
923 2893 1027 2945 ras.)
1194 2896 1245 2944 78
1273 2894 1395 2945 aquis
1423 2894 1466 2938 E
1585 2895 1661 2934 sed
1688 2895 1758 2935 P:

105 2948 204 2984 tunc
227 2942 298 2983 Ea,
435 2950 577 2986 rector
602 2945 707 2986 PLl.
729 2959 739 2985 z
768 2947 916 2985 ductor
942 2946 1011 2986 Εω

1574 3002 1652 3042 23*
