1884 3204
112 79 164 125 P.
204 79 415 128 PAPIN
422 80 448 127 Ι
483 80 691 129 STATI

108 229 362 284 pastorum
395 223 552 270 lassae
587 221 897 273 debellavere
929 223 1189 272 cohortes:

107 302 291 364 gaudet
324 319 451 366 ager,
490 319 672 366 magno
707 304 923 353 subeunt
956 306 1172 354 clamore
1207 303 1388 365 coloni,

108 392 534 446 praecerpuntque
568 382 710 433 iubas
745 383 1081 449 immaniaque
1116 402 1202 434 ora
1235 386 1499 434 recludunt

107 464 391 527 damnaque
426 475 834 527 commemorant,
873 483 960 515 seu
995 466 1095 515 iam
1131 466 1225 515 sub
1261 464 1479 515 culmine
1514 465 1639 514 fixus
1786 522 1787 526 Ἰ

108 544 331 604 excubat,
369 545 576 609 antiquo
612 562 699 595 seu
733 548 921 611 pendet
954 546 1107 611 gloria
1141 548 1271 595 luco.
1694 537 1788 608 195·

175 628 243 674 At
278 627 409 674 ferus
448 626 812 691 Hippomedon
849 645 1155 692 quamquam
1190 627 1290 676 iam
1327 625 1476 676 sentit
1510 626 1661 675 inane

106 706 343 755 auxilium
379 716 429 756 et
464 724 621 757 seram
658 718 800 772 rapto
835 711 925 772 pro
961 725 1167 772 corpore
1202 725 1434 772 pugnam,

106 786 143 835 it
178 797 346 837 tamen
382 797 430 837 et
466 806 671 837 caecum
706 798 834 838 rotat
868 789 1213 838 inrevocabilis
1249 805 1434 850 ensem,

106 867 185 916 vix
221 868 383 918 socios
419 869 689 932 hostisque,
728 869 852 918 nihil
887 871 1009 918 dum
1045 871 1206 919 tardet
1241 879 1456 929 euntem,

105 966 402 1010 secernens3
448 951 538 998 sed
572 951 726 999 caede
761 967 891 999 nova
924 949 1023 999 iam
1055 950 1245 999 lubrica
1278 952 1423 999 tellus
1696 969 1787 999 που

105 1047 342 1093 armaque
377 1030 752 1094 seminecesque
786 1030 876 1080 viri
911 1047 1181 1095 currusque
1215 1030 1364 1080 soluti
1464 1026 1471 1033 ⁸
1787 1031 1791 1035 ’

106 1110 387 1174 impediunt
422 1113 719 1175 laevumque
754 1114 926 1173 femur,
965 1113 1104 1176 quod
1139 1111 1347 1176 cuspide
1382 1113 1535 1161 fixum

107 1192 232 1256 regis
270 1192 513 1254 Echionii,
555 1195 644 1243 sed
680 1193 1073 1243 dissimulaverat
1107 1195 1301 1254 ardens,

107 1274 208 1324 sive
244 1273 314 1323 ibi
349 1274 603 1324 nescierat.
677 1284 923 1325 maestum
957 1275 1094 1325 videt
1130 1276 1333 1340 Hoplea
1368 1275 1605 1336 tandem3
1778 1335 1792 1342 Μ

107 1357 308 1419 Tydeos
345 1356 426 1405 hic
462 1356 628 1421 magni
664 1358 793 1406 fidus
829 1373 998 1407 comes
1034 1366 1083 1406 et
1119 1358 1273 1407 modo
1308 1358 1484 1406 frustra
1698 1376 1797 1419 τος

105 1437 314 1502 armiger
347 1439 596 1502 alipedem
631 1455 788 1502 prona
823 1437 1014 1488 cervice
1049 1439 1250 1488 tenebat

107 1521 320 1569 fatorum
355 1520 579 1584 ignarum
616 1519 809 1570 domini
843 1522 1106 1584 solumque
1141 1521 1434 1569 frementem

109 1603 247 1665 quod
281 1611 435 1662 vacet,
473 1601 626 1666 inque
659 1601 791 1651 acies
824 1601 1087 1651 audentior
1119 1600 1202 1651 ille
1236 1600 1492 1665 pedestris.

108 1684 243 1731 hunc
276 1692 623 1746 aspernantem
660 1682 855 1732 tumido
890 1700 1022 1732 nova
1056 1683 1280 1746 pondera
1314 1690 1452 1745 tergo

108 1763 281 1828 (unam
317 1763 503 1828 quippe
538 1781 743 1812 manum
779 1763 981 1813 domitis
1017 1772 1245 1827 expertus
1279 1763 1346 1812 ab
1379 1762 1545 1828 annis)
1699 1783 1778 1813 210

96 1844 307 1909 ‘corripit
342 1847 668 1909 adfaturque:
717 1849 729 1871 ‘
749 1844 889 1907 Quid
924 1861 956 1894 o
992 1861 1123 1894 nova
1156 1846 1256 1894 fata
1291 1860 1502 1904 recusaS,

107 1926 276 1976 infelix
311 1926 551 1991 sonipes?
596 1943 872 1990 numquam
908 1925 999 1975 tibi
1035 1927 1183 1976 dulce
1218 1925 1419 1989 superbi

93 2007 232 2072 regis
268 2025 430 2070 onus;
477 2025 580 2057 non
614 2007 714 2057 iam
749 2009 933 2057 Aetolo
968 2006 1210 2056 satiabere
1244 2023 1424 2070 campo

106 2091 509 2154 gaudentemque
544 2089 714 2139 iubam
749 2106 837 2151 per
871 2099 1044 2154 stagna
1078 2087 1322 2138 Acheloia
1357 2089 1532 2139 solves.

108 2172 246 2235 quod
281 2180 518 2234 superest,
556 2188 709 2232 caros,
747 2171 776 2231 i,
816 2173 991 2221 saltem
1026 2170 1263 2220 ulciscere
1299 2168 1458 2218 manis
1700 2189 1776 2231 2¹5

107 2262 193 2302 aut
228 2270 434 2317 sequere
470 2262 725 2314 extorrem,
765 2270 829 2303 ne
865 2262 918 2302 tu
955 2269 1156 2317 quoque
1191 2250 1389 2301 laeseris
1424 2250 1625 2300 umbras

108 2334 331 2399 captivus
367 2334 716 2398 tumidumque
751 2334 970 2399 equitem
1005 2343 1120 2399 post
1154 2335 1329 2398 Tydea
1361 2334 1559 2397 portes!

168 2465 246 2515 196
274 2476 526 2514 quamquam
547 2478 631 2506 om.
652 2464 695 2504 P
839 2465 974 2504 sensit
993 2464 1038 2503 D
1202 2476 1279 2503 201
1311 2463 1448 2503 secuti
1466 2462 1510 2503 P
1695 2473 1776 2512 203
1798 2469 1806 2479 '·
1876 2499 1878 2504 .

109 2520 185 2558 sed
205 2518 299 2558 PS¹
319 2532 328 2557 ε
357 2532 434 2558 seu
455 2519 544 2558 025²
710 2532 789 2569 204
818 2533 896 2559 seu
916 2519 963 2558 N
1122 2532 1201 2569 207
1230 2520 1496 2568 frequentem
1517 2517 1579 2565 (m
1603 2522 1697 2570 sup,
1719 2529 1775 2567 qu
1846 2560 1850 2564 ,

108 2573 224 2625 add.)
249 2574 288 2624 Q
455 2575 536 2614 208
564 2579 684 2614 vacet
704 2587 753 2613 ex
773 2575 856 2614 iac·
876 2586 976 2620 corr.
1001 2574 1040 2625 Q
1202 2587 1283 2623 209
1312 2572 1460 2612 timido
1483 2571 1536 2622 ΩΙ
1696 2583 1772 2610 211
1804 2589 1807 2594 ·

111 2642 212 2678 -que
245 2642 329 2670 om.
347 2629 395 2667 N
500 2630 584 2668 fata
602 2628 670 2669 P:
712 2629 829 2668 iussa
858 2628 928 2668 ωδ
1106 2641 1185 2667 212
1214 2640 1428 2678 nunquam
1458 2626 1528 2666 P:
1570 2637 1775 2677 nusquam
1810 2651 1813 2655 >

109 2683 179 2722 ωδ
285 2685 355 2737 ubi
376 2683 412 2736 (t
430 2690 523 2735 sup.
546 2697 573 2722 u
594 2682 715 2734 add.)
735 2682 779 2721 P
973 2695 1054 2732 213
1082 2683 1321 2733 spatiabere
1340 2681 1507 2732 Bentley
1595 2710 1599 2714 .
1694 2692 1775 2729 214
1877 2707 1880 2734 t

113 2738 453 2788 candentemque
482 2738 540 2788 A,
560 2739 665 2789 fort.
694 2742 824 2777 recte:
855 2738 1167 2787 undantemque
1196 2737 1329 2776 Barth
1463 2776 1465 2778 ,
1545 2736 1628 2774 216
1657 2747 1713 2774 ne
1731 2733 1776 2772 D
1814 2779 1815 2782 Ἴ
1877 2739 1880 2784 ξ

111 2799 223 2843 (sup.
243 2793 335 2844 lin.)
356 2797 394 2832 et
406 2793 506 2832 coni.
522 2793 708 2832 Koestlin
725 2807 734 2832 :
763 2805 846 2832 neu
867 2797 951 2833 cett.
1029 2792 1199 2831 umbras
1217 2791 1284 2831 P:
1312 2789 1502 2829 umbram
1522 2789 1592 2829 ωδ
1697 2784 1782 2838 217'
1810 2815 1812 2819 -
1877 2790 1881 2827 ἑ

110 2847 388 2898 timidumque
422 2846 661 2896 Markland,
689 2846 763 2886 sed
782 2853 860 2898 per
884 2847 1090 2886 tumidum
1116 2846 1319 2899 &gnificat
1330 2849 1451 2897 poeta
1469 2843 1626 2884 hostem
1646 2843 1774 2884 insul·
1801 2874 1804 2879 .

109 2906 268 2941 tantem
287 2917 296 2943 :
327 2901 610 2953 tumidemque
631 2902 676 2954 (u
694 2908 786 2954 sup.
810 2914 834 2942 e
855 2901 974 2955 add.)
996 2902 1036 2952 Q
1804 2902 1808 2907 ’
1877 2900 1881 2925 ³
