1884 3204
31 49 43 60 ¹
102 35 159 81 P.
195 34 438 83 PAPINI
475 35 680 84 STATI

101 169 302 219 ensibus
338 169 585 220 intentant
619 170 812 234 iugulos
849 188 1115 235 regemque
1151 180 1410 221 cruentum
1681 178 1765 225 680
1822 159 1839 225 ’

99 250 391 311 destituunt,
430 268 545 300 cum
581 251 716 300 dicta
749 253 910 302 ferens
945 252 1162 302 Theseia
1198 255 1425 316 Phegeus

98 331 302 380 adstitit.
371 332 453 381 ille
488 332 693 395 quidem
729 333 876 382 ramis
911 333 1120 383 insontis
1157 333 1315 382 olivae

98 412 347 474 pacificus,
387 414 476 462 sed
512 413 642 462 bella
676 413 773 463 ciet
808 415 1094 478 bellumque
1130 415 1357 474 minatur,

96 494 282 555 grande
317 495 544 553 fremens,
582 494 893 558 nimiumque
928 512 1118 551 memor
1153 494 1434 544 mandantis
1470 503 1519 543 et
1554 491 1716 557 ipsum

98 574 196 621 iam
233 590 402 637 prope,
439 574 538 624 iam
574 575 766 624 medios
803 576 992 638 operire
1028 575 1315 624 cohortibus
1352 592 1493 637 agros
1681 583 1762 636 685
1795 596 1798 598 ’
1825 566 1832 578 ’

97 654 420 717 ingeminans.
493 655 627 705 stetit
661 655 896 719 ambiguo
931 656 1204 704 Thebanus
1241 655 1293 702 in
1327 664 1466 703 aestu

96 752 335 795 curarum,
375 745 652 799 nutantque
689 736 853 785 minae
889 745 939 785 et
973 736 1106 799 prior
1141 736 1211 784 ira
1246 735 1466 798 tepescit.

97 825 215 865 tunc
251 818 412 865 firmat
447 834 573 877 sese,
607 819 879 879 fictumque
913 833 972 865 ac
1007 816 1143 865 triste
1178 815 1410 865 renidens

99 900 110 921 ‘
128 898 346 946 Parvane
381 897 660 961 prostratis'
695 896 856 960 inquit
894 898 1225 946 ‘documenta
1262 895 1488 959 Mycenis

97 977 383 1027 sanximus?
424 995 486 1027 en
522 978 699 1027 iterum
737 977 821 1041 qui
859 977 1057 1027 moenia
1090 986 1258 1026 nostra
1292 979 1553 1025 lacessant.
1647 984 1761 1039 ‘699
1826 1031 1827 1034 Ἴ

95 1058 380 1121 accipimus,
417 1059 617 1108 veniant
632 1077 646 1121 3
694 1061 783 1108 sed
818 1076 882 1108 ne
916 1068 1029 1123 post
1064 1059 1195 1108 bella
1230 1067 1524 1122 querantur:
1752 1048 1754 1051 ’

94 1142 173 1188 lex
208 1141 385 1189 eadem
420 1139 591 1189 victis.'
661 1140 812 1196 dicit;
855 1141 944 1189 sed
978 1141 1179 1204 pulvere
1215 1154 1380 1188 crasso

96 1220 304 1283 caligare
340 1221 474 1270 diem
510 1230 559 1270 et
594 1221 770 1285 Tyrios
806 1220 919 1284 iuga
953 1222 1159 1285 perdere
1195 1220 1378 1269 montis

94 1300 337 1363 adspicit;
381 1302 558 1351 armari
593 1305 804 1366 populos
839 1311 1008 1351 tamen
1042 1318 1277 1364 armaque
1312 1300 1424 1351 ferri

94 1381 200 1444 ipse
235 1381 373 1431 iubet
408 1385 611 1445 pallens,
651 1383 946 1446 mediaeque
982 1382 1033 1433 in
1069 1381 1271 1431 sedibus
1306 1383 1448 1431 aulae
1675 1390 1763 1445 695
1824 1371 1838 1398 ²

96 1462 401 1511 Eumenidas
437 1463 624 1513 subitas
660 1466 963 1527 flentemque
1000 1466 1277 1512 Menoecea
1312 1462 1466 1511 cernit

94 1542 320 1592 turbidus
355 1543 716 1607 impositosque
751 1544 878 1607 rogis
914 1545 1128 1607 gaudere
1165 1545 1411 1607 Pelasgos.

94 1623 203 1687 quis
240 1623 330 1672 fuit
364 1623 447 1673 ille
481 1624 601 1684 dies,
640 1633 779 1673 tanto
816 1641 931 1672 cum
966 1622 1205 1687 sanguine
1239 1622 1429 1672 Thebis

92 1721 187 1766 pax
220 1703 421 1753 inventa
454 1705 616 1768 perit?
661 1704 829 1768 patriis
863 1705 1018 1753 modo
1052 1705 1149 1752 fixa
1181 1705 1422 1752 revellunt
1831 1759 1834 1763 ⁴

92 1801 227 1832 arma
262 1784 382 1845 deis,
420 1785 691 1848 clipeisque
727 1785 986 1834 obducunt
1021 1793 1222 1847 pectora
1256 1779 1453 1843 fractis.
1678 1802 1758 1847 γορ

93 1874 141 1913 et
176 1866 339 1928 galeas
377 1865 577 1914 humilis
615 1874 664 1914 et
699 1867 867 1915 adhuc
903 1864 1156 1914 sordentia
1189 1864 1308 1913 tabo
1819 1853 1823 1856 ⁴

92 1944 308 2008 spicula:
355 1963 459 1994 non
494 1946 734 2009 pharetris
769 1945 1046 2009 quisquam,
1086 1961 1190 1993 non
1224 1961 1343 1994 ense
1378 1946 1602 2005 decorus,

91 2044 195 2076 non
230 2028 530 2090 spectandus
565 2044 697 2091 equo
714 2045 728 2088 3
774 2035 934 2076 cessat
968 2025 1152 2075 fiducia
1185 2025 1312 2086 valli,

93 2125 345 2157 murorum
381 2117 517 2172 patet
551 2125 701 2157 omne
736 2110 878 2167 latus,
917 2106 1194 2155 munimina
1228 2115 1398 2170 portae
1820 2158 1823 2174 -.

91 2198 395 2252 exposcunt:
442 2189 574 2252 prior
608 2188 764 2238 hostis
800 2188 981 2249 habet3
1028 2186 1219 2250 fastigia
1253 2189 1448 2246 desunt,
1676 2204 1784 2252 705·
1821 2214 1827 2258 ρ

92 2269 271 2318 deiecit
308 2271 573 2333 Capaneus
590 2289 603 2331 3
650 2269 909 2332 exsanguis
946 2277 995 2318 et
1029 2285 1175 2332 aegra
1209 2267 1439 2317 iuventus

91 2349 189 2397 iam
225 2367 318 2399 nec
353 2351 648 2414 coniugibus
685 2367 916 2414 suprema
951 2366 1044 2399 nec
1081 2351 1251 2398 oscula
1287 2348 1413 2397 natis

90 2430 259 2493 iungit,
299 2440 348 2480 et
382 2432 579 2481 attoniti
615 2432 685 2480 nil
722 2441 955 2495 optavere
991 2439 1233 2494 parentes.

157 2511 352 2561 Atticus
388 2512 587 2574 interea,
626 2512 767 2561 iubar
802 2521 856 2560 ut
892 2513 1159 2560 clarescere
1195 2510 1350 2575 ruptis
1823 2573 1826 2578 Ι

89 2592 307 2641 nubibus
343 2602 393 2642 et
427 2595 585 2643 solem
621 2593 790 2657 primis
825 2592 1051 2656 adspexit
1086 2592 1138 2641 in
1173 2592 1333 2651 armis,
1674 2610 1756 2655 7¹0
1812 2612 1817 2621 ²

143 2721 225 2769 684
254 2726 297 2759 et
318 2721 455 2770 ipsum
476 2735 559 2762 om.
576 2721 618 2759 P
725 2723 802 2770 691
835 2734 919 2760 om.
932 2720 988 2768 N,
1003 2720 1098 2760 add.
1117 2734 1253 2772 marg.
1273 2720 1322 2759 N
1323 2720 1336 2743 ²
1446 2724 1527 2772 693
1557 2727 1600 2762 et
1619 2722 1754 2773 tyrios

88 2787 190 2813 eraS.
226 2775 269 2812 in
301 2774 370 2813 N:
399 2776 518 2815 tirios
552 2789 687 2827 marg.
719 2773 787 2813 Ν2
978 2778 1058 2824 697
1087 2776 1239 2815 ardere
1273 2774 1482 2815 Schrader
1674 2778 1753 2827 708
1800 2798 1801 2801 =

89 2829 281 2868 attonitis
310 2829 375 2879 Q:
408 2830 531 2868 simul
559 2843 775 2880 expavere
804 2829 862 2868 nil
886 2834 1089 2880 optavere
1110 2828 1153 2868 B
1318 2842 1398 2880 709
1426 2830 1589 2871 interea
1609 2837 1755 2872 contra
1808 2854 1812 2873 .·

89 2895 154 2935 P:
181 2901 223 2935 at
242 2902 393 2936 contra
411 2897 480 2938 ωδ
