1884 3204
960 91 1372 141 THEBAIDOS
1409 93 1622 140 LIBER
1658 93 1765 140 XII

29 279 31 286 χ
110 238 348 294 astrorum
386 227 533 277 radiis
569 236 618 276 et
653 236 861 290 utraque
895 243 925 275 a
959 228 1190 290 lampade
1225 226 1362 286 vidit,
1684 234 1762 285 365

111 312 124 335 ‘
141 309 323 359 Cuius’
357 307 424 358 ait
462 306 666 366 ‘manis,
702 316 788 355 aut
823 323 972 370 quem
1010 307 1266 355 temeraria
1303 307 1498 370 quaeris

110 398 256 438 nocte
291 389 466 438 mea?'
500 386 622 436 nihil
658 386 740 436 illa
774 386 875 446 diu,
914 388 1003 436 sed
1040 386 1090 435 in
1127 403 1212 435 ora
1248 387 1408 436 mariti

109 468 257 519 deicit
291 468 443 532 inque
479 485 594 517 suos
629 467 808 531 pariter
842 466 1088 517 velamina
1121 469 1300 527 vultus,

109 558 252 614 capta
287 558 422 598 metu
458 548 624 597 subito
660 550 964 612 paulumque
1000 547 1156 597 oblita
1190 548 1388 597 doloris.

106 631 204 679 hoc
238 629 392 693 magis
428 628 727 692 increpitans
763 638 994 692 suspecta
1029 628 1223 677 silentia
1258 638 1445 692 perstat
1687 646 1767 690 370

106 709 369 773 Antigone,
409 709 744 772 comitemque
778 726 1010 773 premens
1045 709 1305 772 ipsamque
1321 727 1335 769 3
1393 711 1482 759 sed
1517 711 1669 759 ambo

51 831 54 834 .
107 789 343 839 deficiunt
378 789 560 853 fixique
596 790 754 839 silent.
827 792 1029 840 tandem
1066 807 1152 839 ora
1186 790 1358 839 retexit

106 870 266 934 Argia,
305 887 583 935 corpusque
618 880 786 921 tamen
822 873 1081 936 complexa
1116 873 1364 935 profatur:

109 949 186 1000 ‘Si
221 950 343 1014 quid
378 951 430 999 in
467 953 564 1001 hoc
599 952 751 1002 veteri
786 954 1028 1002 bellorum
1066 952 1305 1015 sanguine
1341 970 1539 1002 mecum

106 1031 384 1097 quaesitura
418 1032 573 1093 venis,
608 1033 649 1081 si
685 1042 738 1082 tu
774 1051 976 1097 quoque
1012 1035 1135 1083 dura
1172 1034 1403 1083 Creontis
1690 1054 1766 1095 375

105 1112 236 1161 iussa
271 1113 428 1172 times,
466 1131 671 1177 possum
707 1114 798 1164 tibi
834 1132 914 1164 me
949 1117 1138 1164 confisa
1172 1115 1325 1164 fateri.

106 1192 146 1242 si
181 1193 358 1244 misera
393 1211 445 1244 es
482 1195 636 1257 (certe
670 1196 895 1245 lacrimas
931 1198 1248 1259 lamentaque
1284 1194 1470 1260 cerno),

104 1273 267 1337 iunge,
304 1291 409 1338 age,
447 1275 595 1339 iunge
631 1278 811 1326 fidem:
870 1279 1033 1340 proles
1069 1293 1162 1339 ego
1198 1276 1322 1340 regis
1358 1277 1560 1325 Adrasti

105 1354 170 1419 (ei
205 1355 356 1408 mihi!
403 1373 525 1404 num
561 1356 671 1420 quis
707 1359 848 1406 adest
863 1358 905 1422 ?)
941 1357 1038 1406 cari
1077 1356 1425 1420 Polynicis'ad
1462 1356 1603 1421 ignis,

104 1434 195 1488 etsi
230 1452 379 1500 regna
413 1439 662 1487 vetant—'
698 1436 886 1500 stupuit
922 1437 1163 1487 Cadmeia
1198 1437 1334 1499 virgo
1688 1449 1768 1497 380

104 1515 455 1580 intremuitque
491 1517 651 1576 simul,
688 1518 1039 1581 dicentemque
1075 1527 1287 1581 occupat
1323 1520 1482 1568 ultro:

107 1600 119 1622 ‘
138 1598 290 1646 Mene
325 1596 484 1660 igitun
503 1597 688 1647 sociam
726 1597 836 1663 (pro
871 1601 970 1648 sors
1006 1598 1173 1662 ignara
1194 1597 1226 1665 1>
1261 1601 1518 1659 malorum,

105 1694 250 1728 mene
285 1677 466 1727 times?
506 1696 624 1728 -rnea
658 1673 883 1728 membra
917 1689 1070 1741 tenes,
1111 1696 1222 1728 mea
1257 1681 1428 1729 funera
1464 1680 1668 1744 plangis.

104 1759 242 1827 cedo,
280 1767 409 1819 tene,
447 1762 614 1823 pudet.
687 1762 785 1809 heu
821 1760 978 1824 pietas
1013 1760 1189 1825 ignava
1224 1760 1433 1809 sororis!

103 1841 226 1889 haec
251 1839 476 1903 prior—,l
493 1843 504 1864 '
541 1840 622 1890 hic
646 1841 824 1904 pariter
847 1844 1014 1905 lapsae
1039 1842 1310 1904 iunctoque
1335 1859 1422 1905 per
1445 1841 1609 1905 ipsum
1688 1852 1766 1903 385

103 1922 332 1982 amplexu
369 1920 579 1971 miscent
613 1922 758 1971 avide
793 1922 1119 1985 lacrimasque
1155 1938 1439 1986 comasque,

102 2000 408 2064 partitaeque
443 2011 576 2051 artus
612 2004 821 2052 redeunt
855 2006 1043 2052 alterna
1078 2012 1333 2067 gementes
1412 2023 1414 2025 ·

102 2084 167 2131 ad
203 2084 405 2131 vultum·
431 2092 480 2132 et
516 2100 628 2132 cara
662 2083 853 2133 vicibus
889 2084 1079 2134 cervice
1114 2086 1353 2133 fruuntur.

103 2164 324 2225 dumque
361 2165 514 2212 modo
551 2165 674 2213 haec
709 2167 906 2214 fratrem
943 2174 1198 2226 memorat,
1231 2182 1364 2213 nunc
1400 2165 1483 2214 illa
1519 2165 1763 2225 maritum,

104 2252 375 2306 mutuaque
410 2261 611 2294 exorsae
646 2247 849 2295 Thebas
884 2249 1144 2310 Argosque
1179 2255 1444 2306 renarrant,
1686 2266 1767 2308 390

103 2323 295 2387 longius
331 2324 481 2388 Argia
518 2325 723 2374 miseros
759 2326 1090 2375 reminiscitur
1124 2336 1293 2375 actus:
1688 2339 1690 2341 ’

61 2441 65 2443 -
106 2406 228 2453 ‘Per
262 2404 352 2454 tibi
387 2404 550 2458 furtivi
586 2423 779 2455 sacrum
810 2423 1083 2457 commune
1118 2406 1317 2466 doloris,

30 2529 34 2532 .
103 2501 189 2548 per
223 2484 385 2533 socios
421 2486 579 2535 manis
615 2496 664 2536 et
698 2487 900 2536 conscia
935 2488 1096 2537 sidera
1130 2488 1269 2537 iuro:

99 2582 204 2637 ⁴non
239 2564 321 2615 hic
356 2566 576 2627 amissos,
616 2584 919 2632 quamquam
955 2585 1106 2631 vagus
1142 2571 1296 2630 exsul,
1331 2570 1574 2628 honores,-

155 2683 236 2742 366
264 2704 370 2736 Quae
400 2693 465 2733 P:
494 2695 592 2744 quin
628 2694 697 2734 ωδ
727 2695 845 2745 (quid
877 2695 944 2734 Κ2
973 2702 1066 2746 sup.
1102 2695 1197 2747 lin.)
1363 2707 1444 2747 375
1473 2696 1510 2735 si
1544 2696 1642 2746 quid
1677 2711 1764 2738 non

103 2746 229 2787 sanda
248 2748 446 2788 carontis
464 2747 595 2789 Prisc.
616 2749 686 2788 vii.
709 2751 761 2788 62
911 2776 913 2778 -
998 2763 1079 2799 379
1109 2764 1218 2789 nunc
1238 2749 1280 2788 P
1502 2752 1584 2800 380
1612 2763 1765 2801 regna-

101 2807 250 2841 verant
267 2801 310 2840 P
442 2805 523 2852 382
551 2803 717 2853 profers
736 2803 778 2841 P
793 2818 802 2842 :
831 2815 925 2843 sors
944 2817 995 2843 ex
1013 2804 1100 2843 fors
1119 2818 1218 2844 corr.
1242 2804 1283 2854 Q
1353 2851 1357 2856 ⁵
1418 2806 1498 2855 383
1528 2817 1679 2856 meque
1697 2806 1739 2845 P
1754 2821 1763 2846 :

102 2867 170 2895 me
202 2855 240 2895 S
415 2858 496 2906 386
523 2857 646 2896 avide
681 2857 790 2898 codd.
826 2857 918 2898 dett.
942 2872 951 2896 ε
979 2859 1130 2898 avidae
1162 2857 1273 2898 Paes
1447 2872 1528 2910 392
1559 2860 1695 2899 dolori
1723 2860 1766 2900 P

105 2915 188 2960 393
205 2909 409 2967 federa'A
1727 2949 1730 2954 .
