1884 3204
188 104 242 151 P.
282 104 525 153 ΡΑΡΙΝΙ
561 105 767 154 STATI

190 249 309 288 tunc
345 239 492 290 miser
527 250 576 290 et
611 242 775 290 frenos
812 241 1035 292 turbatus
1071 251 1120 292 et
1153 243 1290 292 arma
1324 243 1523 304 remisit,
1829 247 1847 275 '2

188 321 403 371 vulneris
438 321 715 385 impatiens,
753 322 908 372 umeri
945 326 1083 388 quod
1119 324 1335 388 tegmine
1370 324 1528 374 dextri

190 401 391 451 intrarat
425 402 721 467 facilemque
756 413 952 454 cutem:
1001 405 1132 454 subit
1163 408 1315 455 altera
1350 405 1516 470 cuspis

190 483 571 547 cornipedisque
605 486 772 548 fugam
809 485 1002 535 succiso
1038 486 1225 550 poplite
1260 486 1399 535 sistit.
1856 535 1857 539 ,

189 574 308 613 tunc
343 563 477 613 cadit
511 563 617 628 ipse
654 567 811 629 Dryas
847 565 1072 632 (mirum)
1109 584 1202 616 nec
1237 566 1450 615 vulneris
1486 583 1725 631 umquam
1772 578 1823 630 87
1854 618 1855 621 ,

189 645 448 694 conscius:
496 645 615 694 olim
651 656 823 696 auctor
858 647 942 696 teli
977 664 1255 711 causaeque
1290 648 1547 711 patebunt.

257 729 325 775 At
359 743 481 790 puer
517 729 707 776 infusus
743 728 889 777 sociis
924 727 976 776 in
1012 728 1156 777 devia
1191 728 1356 792 campi

189 807 376 856 tollitur
411 807 531 873 (heu
568 808 776 872 simplex
810 819 944 858 aetas
964 809 997 875 Ξ)
1033 810 1349 874 moriensque
1384 810 1630 860 iacentem

190 889 340 937 flebat
375 906 592 952 equum;
638 889 819 938 cecidit
853 891 1013 938 laxata
1047 890 1240 940 casside
1274 893 1452 951 vultus,

189 986 433 1033 aegraque
468 987 555 1033 per
590 970 808 1034 ’trepidos
846 970 1059 1035 exspirat
1093 971 1247 1035 gratia
1281 972 1428 1032 visus,
1773 982 1857 1024 880

190 1059 239 1098 et
274 1050 464 1114 prensis
500 1067 744 1100 concussa
779 1051 936 1101 comis
972 1061 1045 1101 ter
1079 1054 1206 1101 colla
1241 1062 1514 1117 quaterque

191 1140 317 1180 stare
352 1141 548 1194 negant,
587 1131 806 1196 ipsisque
841 1135 978 1182 nefas
1014 1133 1316 1183 lacrimabile
1351 1134 1554 1196 Thebis,

189 1212 293 1262 ibat
328 1230 602 1277 purpureus
638 1212 784 1263 niveo
820 1216 884 1263 de
919 1223 1121 1278 pectore
1156 1214 1368 1278 sanguis.

189 1295 393 1343 tandem
428 1296 552 1343 haec
588 1293 804 1358 singultu
838 1295 989 1344 verba
1023 1294 1276 1344 incidente
1309 1297 1556 1359 profatur:

195 1375 473 1436 ‘Labimun
511 1375 540 1436 i,
580 1376 824 1436 miseram,
866 1378 1080 1437 DorceU‚
1119 1379 1277 1427 solare
1311 1387 1581 1441 parentem.
1774 1388 1854 1442 885

191 1456 273 1505 illa
307 1456 525 1520 quidem,
565 1457 606 1506 si
641 1475 754 1507 vera
788 1459 951 1507 ferunt
986 1458 1237 1522 praesagia
1271 1476 1432 1520 curae,

190 1547 276 1587 aut
311 1555 490 1588 somno
526 1538 625 1588 iam
661 1538 796 1589 triste
831 1541 969 1589 nefas
1004 1549 1089 1589 aut
1125 1539 1292 1589 omine
1328 1540 1464 1590 vidit.

191 1631 244 1669 tu
280 1629 448 1670 tamen
483 1630 587 1670 arte
622 1621 704 1685 pia
738 1621 982 1685 trepidam
1019 1623 1270 1685 suspende
1305 1621 1494 1685 diuque

192 1701 409 1765 decipito
425 1721 439 1763 3
475 1719 573 1751 neu
609 1712 663 1751 tu
700 1702 892 1752 subitus
928 1720 1053 1753 neve
1094 1720 1230 1752 arma
1263 1703 1454 1752 tenenti

191 1782 394 1843 veneris,
434 1792 483 1832 et
520 1785 736 1843 tandem,
775 1800 891 1832 cum
927 1783 1026 1832 iarn
1062 1801 1238 1848 cogere
1278 1784 1433 1844 fateri,
1776 1795 1858 1850 890

191 1863 301 1912 dic:
354 1864 578 1925 “Merui,
615 1864 849 1927 genetrix,
889 1880 1076 1927 poenas
1113 1864 1265 1913 invita
1301 1882 1542 1929 capesse3

189 1962 326 1993 arma
361 1962 483 2008 puer
518 1945 671 2009 rapui,
710 1962 804 1995 nec
839 1955 888 1995 te
923 1945 1166 1996 retinente
1203 1945 1380 2009 quievi,

190 2043 283 2075 nec
319 2026 411 2076 tibi
446 2026 685 2076 sollicitae
722 2029 925 2077 tandem
961 2026 1088 2076 inter
1123 2029 1253 2077 bella
1287 2028 1501 2092 peperci.

190 2107 298 2157 vive
334 2107 479 2172 igitur
514 2107 780 2172 potiusque
815 2108 994 2158 animis
1030 2108 1237 2158 irascere
1271 2109 1466 2170 nostris,
1528 2139 1530 2141 >

191 2200 239 2240 et
276 2189 374 2238 iam
409 2207 543 2254 pone
580 2199 754 2241 metus.
827 2193 1003 2240 frustra
1039 2193 1103 2241 de
1138 2193 1267 2241 colle
1302 2191 1484 2255 Lycaei
1774 2204 1853 2258 895

190 2270 334 2320 anxia
368 2281 669 2335 prospectas,
708 2271 749 2321 si
785 2272 896 2336 quis
930 2289 1018 2336 per
1052 2272 1224 2322 nubila
1258 2275 1405 2336 longe

190 2361 276 2400 aut
312 2368 464 2401 sonus
499 2361 584 2401 aut
620 2362 790 2402 nostro
826 2354 1049 2402 sublatus
1085 2354 1149 2402 ab
1184 2353 1382 2417 agmine
1415 2354 1605 2417 pulvis:

191 2433 394 2498 frigidus
431 2443 479 2483 et
515 2436 651 2483 nuda
685 2434 824 2484 iaceo
861 2437 1046 2496 tellure,
1086 2452 1180 2484 nec
1216 2452 1427 2499 usquam

194 2525 246 2564 tu
281 2532 454 2588 prope,
490 2533 618 2579 quae
653 2519 817 2565 vultus
853 2516 1167 2581 efflantiaque
1203 2533 1289 2566 ora
1323 2526 1529 2566 teneres.

247 2645 327 2695 872
354 2646 468 2695 quod
487 2644 572 2683 PD
589 2646 689 2696 (qua
703 2652 795 2697 sup.
815 2645 878 2691 D>
896 2660 905 2684 ε
933 2659 1015 2697 qua
1034 2644 1165 2695 BQN
1286 2647 1473 2695 tegmine
1492 2645 1615 2696 PBQ
1634 2661 1644 2686 z
1674 2646 1863 2698 tegmina

192 2696 320 2739 DSN
479 2701 560 2750 875
590 2713 788 2750 umquam
807 2700 958 2739 PB1D
978 2715 987 2740 :
1017 2713 1192 2750 usquam
1212 2699 1403 2750 B²QNS
1545 2701 1626 2750 876
1642 2702 1860 2751 *patebunt

193 2753 261 2793 P:
291 2754 494 2804 patebant
524 2754 592 2793 ms
608 2768 616 2792 ε
648 2755 838 2795 latebant
874 2755 1042 2795 Grotius
1180 2756 1261 2805 879
1289 2769 1345 2794 an
1366 2754 1543 2795 recidit?
1617 2755 1773 2795 lassata
1791 2754 1858 2797 P:

190 2808 339 2848 luxata
367 2808 421 2847 S·
551 2810 629 2848 881
662 2809 822 2860 pressis
846 2809 890 2847 P
1048 2810 1126 2860 891
1156 2822 1334 2859 capesse
1354 2808 1521 2859 PBDQ
1541 2823 1551 2848 ι
1590 2823 1770 2861 capesce
1787 2809 1836 2851 Ν
1841 2822 1862 2862 ,ε

193 2875 423 2911 capessens
444 2862 482 2901 S
680 2865 760 2913 893
789 2866 959 2903 tandem
980 2863 1072 2903 Pet
1086 2870 1177 2915 sup.
1196 2864 1266 2904 lin.
1283 2864 1328 2902 D
1348 2878 1357 2903 :
1385 2863 1535 2903 saltem
1556 2879 1587 2903 ω

192 2916 425 2967 animisque
445 2917 488 2955 P
621 2919 702 2969 898
731 2925 773 2958 et
793 2918 860 2958 P:
887 2920 930 2957 in
950 2934 981 2957 ω
