1884 3204
158 57 212 103 P.
251 56 491 103 ΡΑΡΙΝῙ
530 55 735 104 STATI

158 194 345 245 solibus
361 213 375 256 3
421 196 558 243 haud
592 194 726 243 illam
762 195 967 244 brumae
1002 194 1237 255 minuere,
1276 196 1501 244 Notusve

157 276 233 324 ius
268 276 420 324 habet
454 284 539 323 aut
575 275 751 324 Getica
786 278 969 325 Boreas
1004 275 1248 339 impactus
1282 276 1346 324 ab
1382 278 1520 324 Vrsa.

158 357 327 406 subter
362 365 533 419 operta
568 355 720 419 quies,
758 373 1043 420 vacuusque
1078 356 1271 405 silentia
1306 364 1464 405 servat

157 439 328 486 horror
363 445 411 485 et
447 438 672 485 exclusae
706 438 857 500 pallet
891 438 1020 486 male
1054 436 1177 485 lucis
1211 436 1388 500 imago.

158 535 252 567 nec
287 527 419 567 caret
454 518 630 567 umbra
665 519 790 567 deo:
839 517 1030 567 nemori
1065 517 1277 566 Latonia
1311 516 1486 566 cultrix
1737 536 1818 577 425
1880 523 1884 571 ’ξ

158 598 357 648 additur
372 616 386 659 3
431 599 561 646 hanc
597 597 737 661 picea
769 600 1018 661 cedroque
1054 608 1102 647 et
1137 599 1313 647 robore
1347 597 1399 646 in
1435 597 1573 647 omni

160 680 371 728 effictam
408 678 588 727 sanetis
624 681 840 727 occultat
874 668 995 727 silva
1028 679 1257 728 tenebris.

159 759 306 808 huius
342 759 624 822 inaspectae
658 761 772 807 luco
808 759 1011 808 stridere
1046 759 1250 822 sagittae

159 839 490 902 nocturnique
524 855 705 887 canum
739 838 964 902 gemitus,
1002 839 1089 887 ubi
1122 839 1294 887 limina
1328 839 1488 902 patrui

161 920 330 984 effugit
360 919 514 981 inque
549 935 708 968 novae
743 918 917 967 melior
950 918 1076 968 redit
1111 936 1196 968 ora
1232 919 1425 969 Dianae
1442 937 1457 980 3
1742 940 1824 980 430

161 1008 245 1048 aut
280 998 367 1047 ubi
401 1000 530 1047 fessa
563 997 702 1061 iugis,
740 998 999 1061 dulcisque
1033 999 1271 1048 altissima
1305 1015 1508 1048 somnos

162 1079 245 1125 lux
279 1085 459 1134 movet,
498 1075 579 1124 hic
614 1077 712 1125 late
746 1075 917 1125 iaculis
953 1076 1138 1125 circum
1174 1077 1396 1140 undique
1430 1076 1538 1125 fixis

162 1158 368 1206 effusam
404 1158 632 1220 pharetra
665 1156 907 1206 cervicem
942 1166 1148 1220 excepta
1182 1156 1403 1220 quiescit.

163 1247 297 1287 extra
330 1237 548 1286 immane
583 1246 756 1300 patens
792 1238 936 1286 tellus
974 1237 1221 1286 Mavortia
1255 1238 1432 1302 campi,

163 1320 291 1367 fetus
326 1334 440 1380 ager
476 1318 684 1376 Cadmo,
723 1319 875 1366 durus
911 1317 996 1381 qui
1031 1335 1231 1367 vomere
1267 1318 1427 1382 primo
1744 1338 1825 1379 435

163 1409 276 1464 post
311 1398 703 1461 consanguineas
738 1398 868 1447 acies
905 1401 1168 1462 sulcosque
1203 1399 1429 1449 nocentis

164 1496 313 1528 ausus
348 1481 558 1527 humum
593 1496 783 1528 versare
820 1488 869 1528 et
903 1479 1064 1542 putria
1099 1480 1337 1543 sanguine
1371 1489 1510 1544 prata

164 1559 319 1621 eruit3
365 1559 576 1622 ingentis
611 1559 778 1608 infelix
813 1569 938 1609 terra
972 1563 1211 1609 tumultus

164 1641 288 1690 lucis
322 1642 488 1690 adhuc
524 1640 692 1689 medio
728 1642 933 1703 solaque
967 1640 1019 1689 in
1054 1650 1202 1691 nocte
1236 1658 1324 1705 per
1358 1643 1558 1692 umbras

165 1722 389 1785 exspirat,
428 1721 552 1784 nigri
587 1737 702 1770 cum
737 1738 863 1770 vana
898 1721 949 1769 in
985 1722 1171 1785 proelia
1205 1732 1410 1786 surgunt
1749 1742 1833 1782 440

164 1803 466 1866 terrigenae3
511 1801 633 1864 fugit
667 1801 868 1865 incepto
902 1802 1247 1852 tremibundus
1282 1804 1348 1852 ab
1377 1820 1495 1852 arvo

164 1884 377 1948 agricola
409 1882 670 1945 insanique
705 1884 912 1931 domum
947 1882 1136 1932 rediere
1169 1883 1377 1933 iuvenci.

235 1964 338 2013 Hic
373 1963 536 2013 senior
570 1973 705 2012 vates
742 1963 941 2028 (Stygiis
975 1966 1304 2013 accommoda
1339 1964 1525 2028 quippe

166 2055 292 2095 terra
328 2044 490 2104 sacris,
528 2043 740 2106 vivoque
776 2046 973 2107 placent
1002 2046 1107 2093 sola
1140 2044 1343 2108 pinguia
1377 2044 1518 2110 tabo)
1545 2092 1547 2094 ,

166 2126 357 2176 velleris
394 2125 592 2175 obscuri
627 2127 846 2189 pecudes
881 2134 1205 2189 armentaque
1240 2125 1345 2174 sisti
1751 2144 1831 2186 445

166 2217 270 2256 atra
306 2216 509 2267 monet3
556 2223 901 2270 quaecumque
934 2222 1136 2270 gregum
1170 2207 1499 2270 pulcherrima
1533 2206 1708 2267 cervix,

167 2288 397 2349 ducitur3
443 2287 683 2351 ingemuit
719 2287 869 2337 Dirce
903 2297 1219 2352 maestusque
1255 2288 1542 2349 Cithaeron,

170 2378 218 2418 et
253 2385 384 2418 nova
419 2370 667 2417 clamosae
703 2378 934 2432 stupuere
970 2368 1163 2418 silentia
1197 2370 1360 2418 valles.

224 2509 302 2546 421
334 2498 527 2536 minuere
556 2497 626 2536 vix
640 2497 756 2547 ferri
776 2501 928 2548 potest:
973 2496 1175 2537 minuisse
1193 2496 1463 2548 PeyrareduS.
1531 2496 1622 2538 Sed
1646 2496 1837 2536 minuere

164 2552 309 2602 glossa
328 2555 398 2601 est,
410 2552 514 2602 fort.
536 2552 668 2590 libare
744 2552 783 2590 N
787 2558 921 2601 otusq.
943 2550 990 2589 N
1085 2565 1166 2601 424
1195 2551 1305 2591 male
1324 2551 1367 2590 P
1384 2566 1393 2591 ε
1422 2551 1531 2591 mala
1550 2551 1619 2591 ms
1727 2564 1838 2602 431--

171 2619 251 2655 433
271 2619 353 2645 om.
375 2605 425 2654 P,
447 2605 541 2645 add.
564 2607 618 2646 al.
640 2619 697 2646 m.
720 2619 855 2657 marg.
1017 2618 1092 2655 431
1124 2613 1196 2645 aut
1215 2606 1368 2655 BDQ:
1396 2613 1438 2645 at
1456 2606 1503 2643 N
1520 2621 1530 2645 ε
1558 2612 1623 2646 ast
1641 2605 1685 2644 P
1698 2618 1834 2657 marg.

169 2661 388 2709 aptissima
407 2660 455 2698 N
615 2673 695 2710 434
724 2666 875 2711 patens
895 2659 938 2698 P
955 2674 965 2699 ε
1008 2666 1155 2710 patent
1179 2660 1220 2699 Β
1239 2675 1246 2700 :
1292 2666 1408 2712 patet
1425 2659 1595 2711 DKQS
1665 2665 1667 2668 ”
1756 2670 1836 2710 435

170 2714 308 2764 primo
344 2714 545 2766 (†multo)
578 2714 622 2752 D
826 2727 905 2764 437
948 2715 1088 2754 mollia
1136 2713 1260 2753 PDA
1286 2729 1296 2754 z
1335 2715 1475 2766 putria
1505 2719 1588 2755 cett.
1756 2727 1838 2764 439

171 2769 311 2807 media
331 2767 537 2807 Heinsius
715 2782 795 2819 443
823 2769 981 2819 quippe
1002 2769 1045 2807 in
1067 2782 1148 2808 ras.
1169 2768 1216 2806 N
1389 2781 1470 2819 444
1497 2769 1679 2819 vivoque
1697 2766 1780 2807 PA
1802 2771 1840 2807 et

170 2828 263 2874 sup.
286 2823 312 2861 l.
332 2822 402 2861 D:
431 2822 649 2871 multoque
669 2822 749 2872 ωδ,
770 2823 817 2873 cf.
839 2836 877 2863 v.
898 2825 974 2862 162
1085 2822 1225 2873 placet
1240 2821 1283 2861 P
