1884 3204
940 63 1352 112 THEBAIDOS
1391 65 1607 112 LIBER
1643 67 1718 112 XI

61 227 78 262 ,·
139 205 257 252 Illos
292 211 346 251 ut
380 199 588 250 stimulis
623 199 691 248 ire
726 199 777 246 in
813 197 1075 247 discrimen
1113 198 1292 262 apertis

68 283 224 333 audiit
257 291 307 331 et
340 279 510 330 sceleri
543 281 733 327 nullum
768 277 865 326 iarn
903 279 1098 326 obstare
1132 281 1388 341 pudorem,
1639 300 1718 339 425

69 365 266 414 advolat
301 370 349 410 et
384 359 570 409 medias
606 357 826 407 immittit
862 359 1102 406 Adrastus
1139 360 1372 418 habenas,

19 439 22 442 ’
68 443 173 509 ipse
206 441 408 505 quidem
443 448 493 489 et
527 438 686 502 regnis
722 440 931 486 multum
967 447 1017 486 et
1051 439 1342 488 venerabilis
1378 457 1515 489 aevo.

55 523 155 573 sed
189 521 309 585 quid
343 521 477 584 apud
512 519 634 578 talis,
673 518 783 582 quis
819 535 912 567 nec
947 535 1036 566 sua
1070 518 1275 582 pignora
1309 536 1468 578 curae,

56 611 196 665 exter
230 602 429 650 honos?
474 609 640 648 tamen
675 599 756 648 ille
790 607 956 662 rogat:
1006 598 1376 662 ‘Spectabimus
1413 616 1527 662 ergo
1562 601 1673 660 hoe,

67 681 334 732 Inachidae
369 679 617 743 Tyriique,
655 681 833 729 nefas?
879 679 966 727 ubi
1002 678 1106 727 iura
1141 679 1364 742 deique?
1635 700 1718 740 430

63 763 192 813 bella
225 761 346 810 ubi?
391 777 454 809 ne
489 770 700 824 perstate
734 759 926 809 animis.
995 769 1044 808 te
1078 761 1330 823 deprecor,
1368 761 1524 810 hostis

63 843 398 908 (quamquam,
435 843 558 890 haec
593 841 662 890 ira
697 841 836 901 sinat,
876 857 968 890 nec
1004 850 1057 889 tu
1094 841 1215 889 mihi
1251 842 1490 905 sanguine
1531 842 1711 908 longe),

0 971 1 995 ;
61 931 124 983 te,
159 938 320 986 gener,
359 931 408 970 et
442 921 590 971 iubeo
609 940 622 983 5
668 921 846 985 sceptri
882 922 923 970 si
958 930 1095 970 tanta
1128 921 1312 984 cupido
1348 931 1434 981 est,

0 1013 2 1054 ὲ
40 1014 186 1052 ’ῖεκιιο
220 1002 392 1065 regalis
428 1002 640 1063 habitus,
678 1011 732 1051 tu
768 1005 964 1051 Lernan
999 1011 1048 1050 et
1083 1004 1241 1065 Argos

0 1073 1 1106 ;
59 1085 191 1132 solus
225 1083 414 1131 habeI'
448 1099 550 1131 non
585 1083 734 1131 verba
769 1082 922 1145 magis
958 1082 1215 1131 suadentia
1249 1085 1478 1147 frangunt
1636 1104 1714 1146 435

57 1179 292 1212 accensos
327 1163 635 1226 sumptisque
670 1165 823 1212 semel
858 1163 1118 1212 conatibus
1155 1164 1371 1223 obstant,

58 1260 206 1307 quam
242 1245 424 1306 Scytha
459 1244 670 1292 curvatis
705 1254 898 1292 erectus
933 1243 1165 1292 fluctibus
1202 1261 1440 1307 umquam

61 1327 247 1374 Pontus
283 1325 508 1387 Cyaneos
543 1323 697 1372 vetuit
731 1341 1022 1373 concurrere
1057 1323 1253 1372 montis.

57 1415 113 1456 ut
145 1404 344 1468 periisse
378 1420 548 1467 preces
582 1404 906 1467 geminosque
941 1405 1006 1452 ad
1041 1403 1227 1466 proelia
1261 1405 1396 1453 fusos

56 1488 253 1551 pulvere
287 1485 577 1548 cornipedes
613 1484 951 1548 explorarique
986 1485 1236 1532 furentum
1631 1508 1713 1546 440

56 1566 107 1615 in
140 1565 303 1630 digitis
337 1574 536 1615 amenta
569 1565 716 1625 videt,
754 1564 876 1628 fugit
912 1564 1080 1613 omnia
1115 1564 1344 1628 linquens

55 1656 223 1707 castra,
259 1646 403 1707 viros,
437 1662 687 1709 generum,
725 1646 940 1705 Thebas,
978 1662 1036 1694 ac
1072 1647 1170 1694 fata
1206 1654 1496 1696 monentem

54 1743 443 1790 conversumque
477 1726 592 1790 iugo
626 1726 856 1790 propellit
891 1726 1111 1775 Ariona:
1159 1726 1318 1789 qualis

13 1797 18 1802 ⁶
48 1807 294 1856 demissus
329 1824 472 1856 curru
506 1809 673 1856 laevae
707 1816 820 1870 post
855 1806 1073 1870 praemia
1108 1806 1251 1855 sortis

35 1887 334 1937 umbrarum
370 1897 536 1937 custos
571 1887 846 1951 mundique
881 1887 1178 1936 novissimus
1214 1889 1356 1936 heres
1628 1911 1707 1950 445

52 1969 235 2033 palluit,
271 1969 454 2018 amisso
488 1968 691 2018 veniens
726 1968 777 2016 in
813 1971 1016 2016 Tartara
1050 1969 1203 2016 caelo.

120 2051 238 2100 Non
272 2059 440 2099 tamen
474 2049 678 2099 indulsit
712 2066 907 2113 pugnae
943 2057 1272 2112 cunctataque
1307 2049 1467 2112 primo

51 2130 266 2179 substitit
299 2130 350 2178 in
385 2132 567 2179 scelere
602 2139 652 2179 et
685 2132 887 2193 paulum
924 2132 1142 2178 Fortuna
1177 2139 1366 2178 morata
1401 2139 1489 2179 est.

50 2209 126 2259 bis
160 2227 327 2259 cassae
361 2209 547 2273 periere
582 2209 703 2270 viae,
741 2210 817 2259 bis
853 2209 1132 2259 comminus
1167 2218 1304 2259 actos

103 2354 184 2391 424
213 2341 279 2394 ut]
300 2342 343 2380 in
361 2341 404 2380 P
503 2341 746 2381 discrimina
763 2341 843 2390 PQ
945 2343 1074 2380 certis
1097 2343 1139 2393 (o
1161 2346 1250 2391 sup.
1275 2340 1311 2379 is
1331 2341 1428 2393 scr.)
1446 2341 1488 2379 Ρ
1626 2355 1707 2392 425

50 2396 133 2435 iam
166 2409 251 2436 om.
284 2395 323 2446 Q
496 2398 577 2445 426
606 2408 652 2435 se
684 2396 870 2435 immittit
906 2396 972 2446 (se
998 2402 1129 2446 paene
1160 2396 1285 2443 eraS.)
1321 2395 1368 2433 N
1553 2409 1631 2445 427
1664 2403 1708 2435 et

23 2449 261 2507 ‘PDQNssg
281 2463 365 2489 om.
387 2449 536 2488 BKN¹
657 2451 737 2499 428
763 2450 878 2502 quis]
901 2462 1008 2499 quae
1019 2449 1149 2491 Prisc.
1191 2462 1328 2539 ffinon
1351 2449 1389 2499 Q
1407 2449 1565 2489 Prisca
1595 2463 1707 2490 nunc

1238 2513 1260 2535 Ο

48 2544 91 2584 Ρ
263 2559 345 2595 429
374 2550 495 2584 exter
522 2545 663 2584 honos
681 2545 850 2583 PKNA
878 2544 1009 2584 Pn'sc.
1034 2559 1042 2583 :
1081 2551 1284 2584 externos
1305 2544 1374 2583 D:
1404 2551 1606 2597 externos
1624 2546 1707 2596 BQ

49 2611 150 2649 ergo
170 2599 253 2639 hoc
271 2599 394 2649 PNQ
417 2600 515 2652 (hoc
537 2600 590 2638 al.
615 2614 672 2639 m.
691 2601 704 2639 2
732 2599 804 2644 N)
827 2613 835 2637 :
865 2612 969 2650 ergo
988 2599 1123 2637 BDK
1241 2611 1320 2649 432
1350 2600 1445 2647 loge
1464 2599 1506 2637 P
1623 2614 1703 2650 434

49 2654 215 2693 habitus
234 2655 406 2704 lernean
428 2655 492 2705 (tu
507 2653 602 2692 add.
617 2660 709 2704 sup.
728 2653 856 2703 lern.)
873 2653 915 2691 P
930 2668 939 2692 ε
970 2654 1135 2693 habitus
1150 2653 1163 2691 i
1176 2653 1323 2692 lernau
1345 2652 1478 2692 DKB
1495 2653 1598 2703 (-am
1613 2655 1677 2705 B)
1695 2669 1704 2694 :

44 2707 214 2747 habitus
249 2737 259 2747 .
295 2738 306 2748 .
343 2737 354 2748 .
386 2708 503 2747 solus
539 2708 689 2758 (spatio
722 2708 873 2758 relicto)
903 2707 951 2745 N
1123 2720 1199 2758 437
1232 2708 1414 2758 Scytha]
1448 2708 1526 2746 sub
1560 2705 1631 2746 sub
1647 2709 1703 2759 (ζ)

48 2761 92 2800 in
112 2775 194 2801 ras.
215 2762 260 2800 D
368 2762 526 2801 erectis
547 2761 584 2811 Q
713 2774 794 2812 439
821 2762 1074 2812 geminoque
1092 2761 1134 2799 P
1268 2775 1350 2811 440
1379 2762 1703 2812 exploravitque

47 2814 153 2910 {Istus
179 2869 222 2908 Ρ
258 2828 338 2866 442
380 2829 671 2868 generumque
710 2821 753 2855 et
791 2816 869 2856 Th.
913 2816 952 2866 Q
1114 2828 1193 2866 445
1234 2816 1362 2855 heros
1401 2816 1440 2866 Q
1621 2830 1702 2867 449
