1884 3204
538 507 752 554 LIBER
788 505 1023 555 NONVS

50 648 298 696 ASPERAT
332 642 521 692 Aonios
556 641 713 691 rabies
748 641 917 690 audita
950 640 1140 690 cruenti

58 727 288 791 Tydeos3
333 723 425 788 ipsi
460 723 607 772 etiam
645 722 807 771 minus
842 721 1126 785 ingemuere
1161 720 1404 770 iacentem

59 805 337 864 Inachidae,
376 805 676 867 culpantque
711 802 868 851 virum
905 811 953 852 et
989 802 1177 866 rupisse
1213 810 1483 865 queruntur

26 886 127 936 ‚Fas
161 884 261 935 odii
281 903 294 946 3
340 883 460 947 quin
496 893 558 943 te,
597 883 766 933 divum
802 883 1217 947 implacidissime,
1257 899 1558 946 quamquam

56 965 371 1032 praecipuum
408 975 526 1014 tunc
561 964 726 1014 caedis
763 981 902 1027 opus,
943 964 1173 1025 Gradive,
1209 965 1417 1024 furebas,
1682 980 1704 1020 5

57 1048 296 1097 offensum
333 1045 510 1094 virtute
545 1047 720 1105 ferunt,
759 1062 851 1094 nec
887 1045 1167 1094 comminus
1206 1045 1370 1109 ipsum

51 1125 140 1178 'ora
172 1129 260 1176 sed
295 1136 344 1176 et
380 1126 596 1190 trepidos
631 1126 728 1174 alio
764 1126 960 1175 torsisse
996 1126 1181 1190 iugalis.

55 1224 168 1271 ergo
201 1209 512 1271 profanatum
551 1206 826 1270 Melanippi
861 1209 1007 1255 funus
1042 1208 1223 1256 acerbo

54 1290 252 1338 vulnere
288 1304 389 1336 non
424 1287 530 1336 aliis
566 1289 723 1336 ultum
761 1287 1001 1338 Cadmeia
1034 1289 1197 1351 proles

54 1369 307 1433 insurgunt
342 1368 563 1427 stimulis,
602 1385 751 1431 quam
788 1368 828 1416 si
863 1369 1057 1417 turbata
1092 1367 1327 1431 sepulcris
1661 1388 1708 1415 10

54 1467 164 1501 ossa
197 1460 388 1514 patrum
424 1449 754 1512 monstrisque
789 1451 934 1498 datae
969 1449 1250 1498 crudelibus
1286 1465 1450 1497 urnae.

51 1530 276 1582 accendit
310 1548 392 1580 rex
426 1530 531 1594 ipse
567 1547 742 1594 super:
795 1535 806 1556 ‘
827 1529 1175 1593 Quisquamne
1211 1532 1445 1593 Pelasgus

54 1611 183 1660 mitis
217 1613 381 1660 adhuc
417 1610 770 1674 hominemque
804 1612 966 1674 gerit?
1012 1610 1111 1659 iam
1149 1610 1393 1659 morsibus
1430 1610 1570 1658 uncis

55 1692 164 1756 (pro
198 1694 360 1741 furor!
407 1708 564 1755 usque
598 1693 726 1740 adeo
763 1694 859 1740 tela
894 1691 1238 1741 exsatiavimus
1257 1694 1299 1756 Ρ)
1337 1700 1469 1740 artus

53 1772 332 1822 dilacerant.
405 1789 571 1822 nonne
608 1761 855 1835 Hyrcanis
891 1773 1074 1821 bellare
1109 1771 1291 1835 putatis
1659 1793 1704 1833 15

20 1905 24 1909 ,
53 1853 267 1917 tigribus,
307 1863 391 1902 aut
427 1869 597 1902 saevos
634 1852 821 1916 Libyae
856 1862 1028 1902 contra
1061 1852 1130 1901 ire
1165 1854 1371 1901 leones?

54 1943 102 1983 et
135 1951 269 1983 nunc
303 1933 386 1983 ille
422 1933 548 1982 iacet
588 1933 815 1997 (pulchra
850 1949 880 1982 o
916 1933 1098 1982 solacia
1132 1933 1216 1982 leti
1237 1935 1268 1998 !)

54 2030 137 2063 ore
171 2023 346 2063 tenens
381 2013 559 2063 hostile
595 2023 756 2076 caput,
795 2013 1031 2077 dulcique
1065 2015 1308 2062 nefandus

54 2093 328 2143 immoritur
362 2095 515 2155 tab03
560 2100 684 2145 †nos
719 2096 898 2143 ferrum
935 2094 1124 2143 immite
1159 2096 1433 2157 facesque†,

53 2173 147 2223 illis
183 2176 318 2223 nuda
353 2174 468 2224 odia
503 2184 551 2224 et
586 2174 749 2224 feritas
785 2174 882 2223 iam
919 2191 1020 2223 non
1057 2183 1167 2238 eget
1201 2174 1361 2223 armis.
1656 2196 1709 2224 20

54 2254 123 2304 sic
157 2264 362 2318 pergant
398 2254 556 2303 rabidi
591 2257 819 2318 claraque
855 2256 949 2304 hac
985 2257 1131 2304 laude
1167 2257 1400 2315 fruantur,

110 2394 128 2420 1
159 2381 310 2421 aonius
327 2380 370 2419 P
581 2394 606 2420 2
634 2381 808 2432 Tydeus
826 2381 869 2420 P
1080 2395 1105 2432 5
1133 2383 1301 2423 ferebas
1319 2382 1399 2421 PA
1594 2386 1622 2423 6
1650 2397 1707 2423 an

53 2435 242 2475 offensa?
331 2435 495 2474 feritate
515 2434 692 2475 Mueller
809 2435 967 2487 ipsum]
997 2437 1082 2476 isse
1110 2437 1223 2477 Koch
1346 2451 1368 2486 7
1397 2437 1477 2476 alio
1497 2437 1701 2491 Duebner‚

51 2489 161 2530 mdd.
185 2489 288 2540 dett„
312 2490 393 2527 alia
412 2489 479 2528 P:
514 2495 627 2529 retro
648 2490 716 2529 ωδ
733 2489 835 2542 (alia
854 2492 1001 2538 †retro
1023 2491 1078 2540 Q)
1256 2505 1283 2541 9
1311 2492 1453 2542 proles
1477 2492 1700 2543 (suprascr.

51 2543 184 2595 pubes
203 2543 264 2595 D)
294 2542 403 2582 PD:
441 2543 574 2593 pubes
604 2543 672 2582 ωδ
808 2557 852 2581 11
885 2545 1028 2583 datum
1056 2544 1100 2582 Ρ
1254 2559 1302 2583 12
1333 2545 1536 2595 Pelasgus
1570 2546 1617 2586 S.
1654 2546 1702 2586 G.

37 2596 209 2637 ·Owen:
256 2597 444 2647 pelasgis
482 2597 594 2637 codd.
798 2610 845 2648 17
875 2600 1050 2649 pulchra
1087 2612 1113 2638 0
1150 2599 1244 2638 ωδε
1277 2600 1388 2638 ultra
1426 2600 1602 2649 pulchro
1639 2600 1706 2639 P:

52 2651 162 2690 ultra
190 2652 365 2701 pulchra
392 2664 417 2690 o
438 2650 475 2689 S
489 2665 498 2690 ε
536 2651 699 2701 pulchri
721 2651 755 2690 L
940 2654 988 2690 18
1017 2659 1161 2692 terens
1180 2653 1375 2705 Beaupre'
1386 2653 1479 2692 Bell
1576 2688 1579 2690 .
1657 2667 1706 2705 19

52 2705 196 2744 inmite
214 2704 279 2744 P:
309 2705 408 2743 mite
427 2704 495 2743 ωδ
509 2719 519 2744 z
555 2719 668 2744 nunc
689 2706 845 2744 serrum
871 2706 971 2744 mite
990 2706 1247 2757 Peyraredus
1267 2722 1276 2746 ε
1319 2721 1405 2746 non
1425 2707 1581 2747 ferrum
1602 2708 1705 2747 mite

51 2759 277 2809 facesque?
304 2759 487 2797 Koestlin
688 2772 741 2798 20
769 2760 827 2799 illi
851 2760 1032 2800 Bernart
1187 2762 1315 2801 cruda
1341 2762 1474 2801 Barth
1652 2775 1702 2801 21

51 2819 227 2863 pergant
253 2812 320 2851 P:
350 2819 556 2863 peragant
582 2813 746 2864 BDQS
761 2828 771 2853 ε
800 2821 1008 2865 peragunt
1027 2815 1075 2854 N
1218 2816 1348 2866 rapidi
1370 2815 1446 2856 PS
1580 2816 1704 2856 laude

52 2865 94 2905 P
108 2871 145 2906 et
159 2867 257 2908 com'.
278 2866 468 2919 Beaupre‘
478 2867 573 2908 Bell
586 2882 595 2907 :
624 2868 716 2908 luce
734 2868 804 2908 ωδ
927 2870 1121 2909 fruuntur
1137 2870 1186 2909 N

955 2923 958 2925 ’
1521 2923 1597 2963 15*
