1884 3204
15 3 18 79 l

14 114 18 179 ς

12 240 17 292 2

13 294 17 334 θ

0 380 3 384 ,
13 354 15 380 l

11 397 16 528 ἲ

10 529 15 577 l

1 578 15 758 l

916 77 1327 126 THEBAIDOS
1367 79 1580 126 LIBER
1618 82 1719 128 VII

70 211 404 278 cornipedum,
442 211 544 260 visa
579 213 740 262 donec
777 213 1055 261 flammatus
1091 215 1347 263 Aconteus
1644 236 1722 277 590

13 335 17 352 .
67 305 224 358 ‚strage
258 292 428 352 virum,
466 291 545 341 cui
581 301 722 341 sueta
756 294 880 341 feras
915 302 1222 357 prosternere
1257 295 1407 344 virtus

68 372 241 440 (Arcas
277 372 414 436 erat),
452 371 618 422 densis
653 371 750 421 iam
788 374 888 422 fida
921 375 986 422 ad
1023 374 1220 423 moenia
1254 392 1416 424 versas

66 453 335 518 insequitur
369 453 491 513 telis,
530 456 839 517 multumque
875 454 1050 503 hastile
1086 472 1339 504 resumens

65 544 139 586 ter
171 542 343 598 quater
375 535 596 583 adducto
630 550 719 598 per
754 543 900 598 terga3
939 551 1027 598 per
1062 534 1144 583 ilia
1178 537 1278 584 telo

62 613 294 677 transigit.
366 613 476 663 illae
510 622 676 663 autem
712 616 861 678 longo
897 631 1010 662 cum
1047 614 1201 664 limite
1236 606 1331 665 fusi
1639 637 1719 680 595

64 693 310 760 sanguinis
345 695 409 743 ad
444 703 609 756 portas
645 693 892 758 utrimque
928 694 1167 744 exstantia
1202 697 1391 745 ducunt

0 781 4 803 ³
64 773 250 840 spicula
284 773 614 836 semianimes,
648 774 935 839 gemituque
971 775 1194 826 imitante
1230 778 1453 840 querelas

0 901 2 911 ,
63 853 227 904 saucia
260 853 454 903 dilectis
489 855 736 904 aeclinant
770 866 971 920 pectora
1007 856 1171 906 muris.

62 936 245 999 templa
279 944 423 999 putes
461 937 734 1000 urbemque
770 937 873 1000 rapi
909 937 1198 1001 facibusque
1234 938 1460 988 nefandis

61 1013 292 1064 Sidonios
325 1018 495 1066 ardere
530 1019 666 1077 lares,
705 1017 775 1066 sic
810 1020 996 1067 clamor
1029 1018 1208 1082 apertis
1638 1027 1718 1070 600

11 1144 12 1147 ,
59 1095 271 1145 exoritur
305 1096 454 1146 muris
472 1115 485 1158 3
533 1099 733 1147 mallent
768 1100 1016 1148 cunabula
1051 1099 1215 1163 magni

0 1203 3 1210 ·
61 1176 293 1226 Herculis
327 1187 412 1226 aut
448 1180 665 1227 Semeles
701 1180 973 1228 thalamum
1008 1188 1094 1228 aut
1128 1182 1378 1243 penetrale
1415 1180 1568 1231 ruisse

62 1256 381 1307 Harmoniae.
427 1260 591 1307 cultor
632 1260 893 1308 Baccheus
930 1262 1158 1308 Acontea
1194 1261 1419 1324 Phegeus
1466 1267 1470 1270 ’

0 1333 1 1338 ’
58 1337 156 1386 iam
191 1354 400 1387 vacuum
436 1338 544 1387 telis
578 1338 876 1403 geminoque
910 1339 962 1387 in
997 1342 1234 1403 sanguine
1270 1350 1500 1390 ovantem

58 1419 335 1467 comminus
371 1435 488 1468 ense
523 1419 645 1483 petit
664 1438 679 1480 3
725 1420 939 1468 subeunt
974 1422 1200 1484 Tegeaea
1235 1420 1463 1471 iuventus
1634 1429 1714 1484 605

0 1489 2 1492 ’
56 1497 236 1547 auxilio
271 1498 429 1548 tardi:
475 1499 573 1548 iarn
610 1516 756 1564 supra
790 1517 926 1549 sacra
960 1502 1170 1550 ferarum

0 1597 1 1618 1
58 1595 261 1643 corpora
298 1581 533 1630 maerenti
571 1579 760 1630 iuvenis
795 1581 922 1630 iacet
958 1581 1079 1630 ultio
1117 1583 1334 1632 Baccho.

125 1660 390 1724 Rumpitur
424 1670 472 1710 et
509 1661 710 1711 Graium
748 1662 913 1711 subito
948 1679 1035 1726 per
1070 1672 1227 1712 castra
1261 1666 1475 1713 tumultu

56 1740 319 1790 concilium
337 1760 351 1802 3
402 1742 524 1806 fugit
561 1751 775 1792 exsertos
813 1745 1008 1792 Iocasta
1042 1761 1130 1808 per
1164 1746 1318 1794 hostis

55 1820 153 1870 iam
188 1838 290 1871 non
324 1839 443 1871 ausa
477 1840 681 1887 preces3
728 1833 866 1873 natas
902 1824 1160 1888 ipsamque
1195 1828 1439 1889 repellunt
1633 1835 1713 1877 610

22 1891 26 1895 ⁵
56 1901 141 1965 qui
177 1903 329 1952 modo
364 1912 465 1951 tam
502 1903 659 1964 mites,
698 1913 747 1954 et
782 1921 1016 1968 praeceps
1052 1914 1275 1970 tempore
1311 1908 1511 1970 Tydeus

55 1981 236 2032 utitur:
287 1985 394 2032 ‘Ite
428 2000 531 2047 age,
569 2001 703 2034 nunc
738 2002 912 2048 pacem
949 1995 1139 2049 sperate
1174 1988 1456 2051 fidemque!

57 2079 177 2111 num
213 2064 383 2112 saltem
423 2064 615 2114 differre
651 2067 786 2114 nefas
822 2066 1045 2130 potuitve
1082 2067 1275 2129 morari,

57 2145 178 2193 dum
212 2143 430 2206 genetrix
465 2144 667 2194 dimissa
701 2146 857 2196 redit?
876 2149 887 2170 '
935 2147 1004 2196 sic
1039 2149 1167 2197 fatus
1202 2158 1374 2212 aperto

57 2239 175 2272 ense
210 2233 353 2273 vocat
388 2225 562 2274 socios.
625 2243 797 2276 saevus
833 2227 930 2276 iam
967 2231 1164 2289 clamor,
1204 2239 1252 2278 et
1287 2229 1387 2279 irae
1631 2239 1708 2293 615

56 2303 173 2353 hinc
206 2313 355 2367 atque
389 2304 507 2354 inde
542 2308 703 2355 calent
719 2326 733 2368 3
779 2310 917 2358 nullo
952 2309 1087 2358 venit
1124 2310 1297 2360 ordine
1332 2311 1532 2372 bellum,

55 2384 346 2448 confusique
381 2387 532 2435 duces
568 2389 727 2451 vulgo,
766 2397 814 2437 et
849 2391 1073 2453 neglecta
1107 2401 1362 2454 regentum

56 2463 260 2529 imperia
276 2483 291 2526 5
337 2483 436 2515 una
471 2467 662 2531 equites
697 2468 835 2518 mixti
870 2470 1195 2535 peditumque
1231 2482 1454 2522 catervae

33 2598 36 2601 ’
107 2604 187 2643 595
216 2594 407 2633 transicit
425 2594 492 2634 P:
522 2596 710 2646 tranfigit
725 2595 764 2647 <s
783 2597 826 2635 in
848 2597 867 2635 f
880 2600 998 2652 corr.)
1019 2598 1059 2649 Q
1168 2602 1248 2649 603
1279 2600 1541 2642 Harmoniae
1560 2603 1684 2654 PKQ
1702 2620 1711 2644 z

53 2645 280 2687 harmonae
299 2646 342 2685 Β
361 2662 370 2687 :
401 2648 660 2689 Hermionae
683 2650 763 2702 (·e)
784 2651 912 2690 DSN
1047 2654 1128 2693 608
1156 2660 1197 2692 et
1219 2655 1348 2693 Graiu
1366 2655 1415 2694 N
1432 2670 1441 2696 :
1475 2670 1575 2696 ecce
1593 2659 1710 2707 gravi

54 2699 119 2739 P²
138 2703 204 2753 (ex
218 2707 382 2751 gratum
401 2704 522 2756 corr.)
687 2706 768 2754 609
797 2712 969 2745 exertos
988 2707 1053 2746 P:
1082 2714 1284 2747 externos
1306 2712 1518 2760 (esternos
1534 2711 1598 2763 N)
1619 2711 1688 2751 ωδ
1702 2727 1713 2752 2

0 2751 3 2808 l
54 2754 215 2794 excitos
231 2755 442 2795 Baehrens
657 2760 736 2808 613
766 2772 866 2798 nurn
885 2759 972 2799 ΒΚ
987 2775 996 2800 :
1025 2775 1136 2801 nunc
1158 2763 1276 2814 (num
1297 2770 1502 2815 suprascr.
1522 2765 1582 2815 D)
1605 2765 1710 2806 PD:

0 2943 1 2972 l

0 2986 2 3019 l

54 2813 165 2848 nunc
184 2809 224 2859 Q
355 2811 526 2850 differre
548 2811 771 2863 (suprascr.
805 2814 907 2866 -rte)
928 2813 973 2853 D
1095 2816 1285 2867 potuitve
1304 2817 1492 2870 KNQA,
1513 2819 1680 2872 Bentley
1701 2835 1710 2859 :

54 2863 244 2915 potuitne
263 2862 358 2913 PD,
375 2864 423 2904 de
439 2863 520 2905 BS
536 2879 619 2905 non
638 2867 763 2917 liquet
