1884 3204
111 84 166 133 P.
185 83 417 134 'PAPIN
421 84 447 134 Ι
483 84 690 136 STATI

112 221 184 272 sic
219 222 369 273 etiam
403 223 732 288 increpitans:
782 226 794 250 ‘
811 224 960 274 Vnde
994 224 1133 284 haec,
1172 221 1389 284 Ismene,
1424 229 1627 287 repente
1658 240 1661 242 ⁷

113 302 185 352 ira
218 304 349 354 tibi?
396 321 559 369 quove
594 306 683 354 has
718 304 904 355 traxisti
937 304 1126 370 gurgite
1161 303 1289 364 viris,

113 383 301 435 imbelli
336 388 571 435 famulate
606 386 703 436 deo
739 388 1001 450 solumque
1036 402 1261 436 cruorem

115 464 341 515 femineis
377 475 574 530 experte
608 467 785 528 choris,
824 484 940 517 curn
977 466 1224 516 Bacchica
1260 464 1416 528 mugit

114 546 275 595 buxus
311 556 361 596 et
394 546 597 598 insanae
633 550 883 597 maculant
917 546 1166 597 trieterida
1201 554 1380 595 matres
1395 547 1443 594 ’θ’
1694 538 1787 610 4

116 626 338 690 dixerat3
378 637 527 692 atque
563 628 633 677 illi
668 645 776 679 sese
810 630 935 679 deus
971 627 1152 678 obtulit
1187 628 1317 676 ultro

115 708 342 758 turbidus
376 708 535 759 imbre
568 726 718 773 genas
754 718 804 759 et
838 709 973 759 nube
991 708 1222 758 *natantis
1257 709 1483 767 harenae,

116 805 211 838 nec
246 789 399 839 saevit
434 790 597 851 dictis,
631 799 806 839 trunca
840 791 930 839 sed
963 799 1167 853 pectora
1202 805 1388 852 quercu

118 878 192 919 ter
226 880 399 934 quater
434 870 664 934 oppositi,
702 879 945 934 quantum
981 869 1052 919 ira
1086 872 1311 933 deusque
1345 869 1555 929 valebat,

117 949 314 1015 impulit
347 967 638 1014 assurgens:
685 952 889 1000 tandem
923 949 1129 1014 vestigia
1162 949 1296 999 flexit

119 1048 482 1095 excussumque
518 1048 670 1080 manu
704 1030 936 1095 tegimen,
975 1047 1313 1094 conversaque
1346 1031 1480 1079 lente

119 1117 253 1174 terga
287 1111 446 1159 refert.
518 1109 704 1159 instant
738 1110 905 1159 undae
941 1108 1262 1173 sequiturque
1295 1108 1548 1158 labantem

120 1190 281 1241 amnis
317 1208 470 1240 ovans
492 1209 506 1253 3
551 1207 645 1241 nec
681 1207 785 1241 non
820 1190 948 1240 saxis
984 1199 1034 1239 et
1069 1188 1310 1253 grandine
1344 1188 1458 1238 ferri

122 1273 336 1337 desuper
369 1272 604 1322 infestant
639 1272 775 1336 Tyrii
809 1271 1111 1336 geminoque
1145 1272 1391 1335 repellunt
1768 1336 1770 1339 .

121 1370 309 1418 aggere.
382 1354 504 1418 quid
539 1353 686 1403 faciat
722 1353 864 1403 bellis
899 1353 1132 1403 obsessus
1168 1361 1218 1402 et
1252 1350 1443 1402 undis?
1704 1369 1787 1413 4·

123 1451 218 1485 nec
252 1437 368 1500 fuga
401 1435 501 1484 iam
537 1435 717 1485 misero
751 1451 846 1485 nec
881 1451 1091 1499 magnae
1125 1432 1272 1498 copia
1308 1434 1494 1483 mortis,
1778 1431 1779 1434 ’

192 1518 365 1566 Stabat
399 1516 679 1581 gramineae
713 1517 957 1580 producta
992 1514 1245 1579 crepidine
1281 1513 1416 1578 ripae

123 1596 370 1644 undarum
404 1612 463 1644 ac
499 1604 655 1645 terrae
690 1593 860 1654 dubio,
899 1595 988 1643 sed
1022 1593 1228 1643 amicior
1262 1591 1426 1652 undis,

122 1675 339 1726 fraxinus
374 1675 662 1740 ingentique
696 1676 880 1724 vadum
916 1676 1204 1739 possederat
1239 1674 1431 1723 umbra.

124 1757 271 1807 huius
307 1772 456 1822 opem
492 1756 631 1822 (nam
667 1773 767 1820 qua
801 1765 951 1806 terras
986 1755 1241 1805 invaderet
1259 1753 1303 1820 ?)
1338 1770 1468 1804 unca

125 1838 327 1904 arripuit
363 1839 561 1888 dextra:
609 1854 703 1887 nec
739 1837 940 1902 pertulit
974 1836 1058 1886 illa
1092 1838 1404 1897 trahentem3

124 1922 214 1971 sed
250 1919 436 1969 maiore
471 1935 632 1984 super,
670 1935 821 1983 quam
857 1918 1032 1979 stabat,
1069 1918 1291 1982 pondere
1325 1916 1456 1967 victa

126 2001 346 2063 solvitur,
382 2010 432 2055 et
466 2017 567 2065 qua
601 2009 774 2065 stagna
808 1999 942 2049 subit
976 1997 1142 2049 radice
1177 1998 1460 2063 quibusque

124 2093 346 2147 arentem
381 2083 643 2133 mordebat
677 2084 888 2132 humum
924 2080 1127 2131 dimissa
1161 2096 1373 2144 superne

127 2165 297 2216 iniecit
332 2164 527 2229 trepido
562 2181 670 2214 sese
705 2163 977 2228 ripamque,
1016 2179 1111 2212 nec
1146 2164 1273 2211 ultra

132 2264 277 2312 passa
310 2246 470 2297 virum
507 2245 701 2296 subitae
738 2244 937 2296 vallavit
972 2253 1127 2308 ponte
1162 2243 1346 2293 ruinae.

128 2332 228 2382 huc
262 2330 429 2378 undae
464 2336 661 2388 coeunt,
700 2335 750 2377 et
784 2325 1103 2376 ineluctabile
1138 2341 1296 2375 caeno

128 2409 495 2473 verticibusque
530 2408 661 2458 cavis
697 2407 813 2458 sidit
848 2407 1123 2471 crescitque
1158 2406 1458 2482 barathrum.

182 2541 264 2590 480
292 2538 512 2578 trieterida
530 2537 650 2588 PBQ
669 2551 680 2577 t
707 2537 921 2577 trieterica
939 2534 1066 2575 DNS
1195 2536 1276 2585 482
1306 2533 1438 2586 nube]
1457 2531 1568 2572 mole
1589 2531 1655 2583 Q:
1683 2545 1760 2572 nu»
1781 2540 1797 2563 ⁵³
1842 2572 1845 2575 ,

130 2597 354 2647 (suprascr.
388 2592 521 2643 mole)
554 2592 599 2630 D
790 2592 869 2642 483
899 2589 1104 2642 truncas!
1136 2619 1146 2630 .
1179 2619 1190 2632 .
1225 2588 1440 2641 quercus]
1471 2588 1520 2627 N
1779 2615 1797 2638 4

130 2647 347 2700 oppositas
368 2647 401 2698 (i
421 2647 649 2699 suprascr.)
674 2645 713 2696 Q
821 2658 903 2696 que
924 2645 978 2684 al.
1005 2658 1064 2684 m.
1088 2644 1136 2683 N
1231 2643 1402 2682 valebat
1420 2641 1489 2682 P:
1517 2641 1714 2682 valebant
1739 2664 1743 2672 ι
1779 2652 1803 2697 '2‘

129 2717 212 2755 499
240 2702 414 2742 dimissa
433 2700 498 2743 P:
533 2701 716 2740 demissa
743 2699 811 2739 ωδ
947 2711 1029 2749 500
1058 2712 1154 2738 sese
1183 2697 1352 2748 trepido
1382 2696 1426 2735 D
1561 2707 1642 2746 501
1684 2713 1716 2730 ιτ
1874 2719 1876 2725 ν

128 2760 265 2798 virum
302 2756 438 2796 Barth
475 2755 640 2807 (quippe
677 2755 788 2794 male
822 2754 1014 2793 intellexit
1048 2753 1213 2794 Statius
1248 2751 1383 2791 Hom.
1415 2750 1466 2790 Il.
1501 2750 1590 2790 xxi.
1621 2760 1701 2800 245
1727 2760 1796 2800 ’γε
1873 2751 1876 2795 ἐ

130 2812 318 2862 φύρωσὲν
345 2809 389 2850 δέ
408 2824 475 2860 μιν
494 2809 636 2861 αὐτόν)
656 2823 666 2849 2
695 2821 916 2860 passurum
936 2808 1049 2848 codd.
1169 2806 1322 2860 ponte]
1342 2818 1485 2861 poena
1501 2804 1596 2843 AN
1607 2819 1617 2844 ε
1650 2809 1788 2844 mont
1862 2819 1876 2841 ,ξ

128 2866 368 2910 Baehrens:
397 2864 510 2904 mole
541 2862 736 2915 Beaupre'
756 2863 849 2902 Bell
876 2863 1036 2915 (1730),
1059 2861 1213 2914 Imhos
1456 2871 1537 2911 502
1565 2871 1699 2900 coeno
1748 2862 1760 2875 ”
1785 2882 1789 2885 -
1860 2854 1876 2900 4}

129 2932 311 2964 coenum
326 2918 395 2961 ms
556 2929 638 2971 503
668 2917 768 2958 sidit
783 2917 827 2957 P
845 2931 854 2957 :
882 2917 992 2957 sedit
1011 2916 1082 2957 ωδ
1872 2928 1876 2936 ’

1715 2594 1761 2638 ⁴:
