1884 3204
121 92 174 140 P.
214 89 457 140 ΡΑΡΙΝῙ
495 91 699 140 STATI

122 230 253 279 fama
288 229 421 279 canit
455 228 691 291 monitus,
726 231 909 293 gaudet
945 229 1187 282 Cadmeia
1219 230 1390 295 plebes
1780 280 1783 284 .

123 319 255 360 certa
289 310 361 359 tui
378 328 391 371 3
439 327 554 374 rape
590 319 758 360 mente
794 313 930 373 deos,
968 329 1084 376 rape
1119 311 1288 361 nobile
1323 313 1492 360 fatum.
1701 317 1818 372 676

121 391 149 451 i,
188 408 374 455 precor,
412 393 644 452 accelera,
683 409 747 441 ne
782 393 1033 456 proximus
1069 402 1281 455 occupet
1317 392 1584 441 Haemon.'

123 471 191 521 sic
227 472 308 533 ait,
348 481 397 521 et
432 489 612 535 magna
646 473 923 523 cunctantis
958 483 1160 538 pectora
1194 474 1364 522 dextra

121 552 379 616 permulsit
413 552 560 602 tacite
596 570 803 617 seseque
838 553 890 602 in
926 555 1076 603 corde
1111 553 1322 616 reliquit.

120 633 338 682 fulminis
374 635 509 682 haud
544 633 687 683 citius
722 634 871 684 radiis
905 636 1087 684 adflata
1121 650 1381 697 cupressus
1811 693 1814 700 ῃ

121 713 363 763 combibit
397 714 599 763 infestas
635 724 684 763 et
719 714 868 778 stirpe
904 724 954 764 et
987 714 1169 764 vertice
1204 716 1443 774 flammas,
1702 718 1810 775 675>

120 811 270 858 quam
306 794 496 844 iuvenis
533 797 690 843 multo
726 812 982 858 possessus
1018 795 1223 844 numine
1258 804 1431 859 pectus

120 874 271 924 erexit
305 892 479 924 sensus
514 874 700 938 letique
734 868 912 924 invasit
946 892 1181 924 amorem.

120 965 173 1004 ut
203 972 320 1005 vero
355 957 591 1004 adversae
626 972 947 1019 gressumque
982 955 1310 1019 habitumque
1345 954 1534 1004 notavit

119 1045 168 1084 et
203 1035 419 1084 subitam
454 1053 484 1085 a
519 1035 656 1085 terris
692 1035 744 1085 in
779 1035 951 1086 nubila
986 1053 1204 1086 crescere
1241 1039 1433 1096 Manto,

120 1116 372 1181 obstipuit.
450 1116 755 1181 ‘Sequimur,
794 1117 965 1167 divum
1001 1134 1348 1182 quaecumque
1382 1116 1583 1178 vocasti,
1701 1122 1787 1167 680
1809 1109 1814 1129 ⁵

119 1215 212 1247 nec
248 1199 386 1247 tarde
422 1201 685 1262 paremus,'
720 1198 788 1248 ait
804 1217 818 1261 3
865 1198 964 1247 iam
999 1199 1199 1262 iamque
1233 1200 1471 1248 recedens
1803 1189 1809 1192 ³

119 1278 385 1327 instantem
421 1281 550 1329 vallo
587 1279 782 1343 Pylium
818 1289 985 1329 tamen
1022 1282 1183 1344 Agrea
1218 1271 1334 1329 fixit.

117 1359 342 1424 armigeri
377 1361 562 1409 fessum
599 1359 851 1424 excipiunt
868 1379 882 1422 3
929 1370 1035 1409 tum
1071 1363 1244 1425 vulgus
1280 1369 1481 1410 euntem

117 1450 371 1490 auctorem
407 1440 542 1505 pacis
578 1450 977 1505 servatoremque
1012 1443 1264 1505 deumque

118 1523 396 1571 conclamat
430 1523 652 1585 gaudens
687 1531 838 1586 atque
873 1522 1069 1586 ignibus
1105 1522 1278 1586 implet
1311 1521 1546 1572 honestis.
1701 1529 1783 1584 685
1816 1533 1822 1593 j

186 1604 396 1666 Iamque
431 1602 522 1652 iter
556 1604 622 1652 ad
657 1620 824 1652 muros
861 1620 1006 1652 cursu
1042 1603 1248 1654 festinus
1282 1605 1464 1652 anhelo
1522 1594 1525 1596 v
1820 1603 1823 1607 ’

117 1682 310 1733 obtinet
346 1692 394 1732 et
430 1683 634 1733 miseros
670 1687 853 1748 gaudet
888 1683 1067 1734 vitasse
1102 1693 1346 1748 parentes,
1425 1711 1429 1715 Δ
1823 1751 1825 1753 ¹

117 1781 232 1813 cum
267 1764 556 1828 genitor—z
604 1773 943 1829 steteruntque
978 1757 1215 1815 ambo'et
1250 1782 1346 1814 vox
1379 1764 1538 1814 haesit
1573 1764 1785 1830 utrique,

117 1844 439 1908 deiectaeque
473 1862 646 1909 genae.
715 1847 919 1894 tandem
956 1854 1094 1909 pater
1127 1854 1243 1895 ante
1278 1848 1525 1910 profatur:

120 1926 274 1989 ‘Quis
309 1943 468 1975 novus
504 1925 713 1990 inceptis
750 1926 910 1990 rapuit
945 1935 995 1976 te
1030 1943 1172 1975 casus
1207 1927 1271 1976 ab
1306 1927 1491 1977 armis?
1701 1935 1785 1991 690

117 2024 244 2071 quae
279 2007 412 2056 bello
447 2006 667 2071 graviora
702 2009 881 2071 paras?
927 2007 1022 2069 dic,
1060 2017 1187 2068 nate,
1226 2008 1461 2072 precanti,

115 2106 202 2138 cur
236 2088 328 2138 tibi
363 2098 500 2138 torva
534 2087 702 2137 acies?
749 2104 835 2137 cur
869 2087 951 2137 hic
986 2090 1291 2138 truculentus
1326 2088 1378 2138 in
1413 2106 1498 2139 ore

115 2173 285 2234 pallor,
324 2179 373 2220 et
408 2171 473 2219 ad
509 2169 692 2233 patrios
729 2186 832 2219 non
869 2178 1000 2219 stant
1037 2179 1122 2219 tua
1156 2170 1346 2220 lumina
1379 2173 1580 2221 vultus?

115 2251 296 2302 audisti
331 2265 584 2315 responsa,
619 2252 783 2314 palam
819 2259 909 2300 est.
979 2268 1066 2315 per
1100 2267 1193 2315 ego
1229 2268 1317 2301 oro
1351 2260 1578 2316 tuosque,
1766 2306 1768 2310 ,

116 2342 247 2395 nate,
283 2344 523 2396 meosque
557 2349 716 2382 annos
753 2331 1061 2396 miseraeque
1096 2350 1183 2397 per
1218 2333 1370 2383 ubera
1404 2333 1586 2395 matris,
1698 2341 1780 2399 695
1810 2350 1812 2352 ’
1840 2356 1842 2359 ’

169 2463 251 2514 669
278 2462 408 2501 audet
435 2459 479 2499 P
639 2461 775 2511 pubes
797 2461 855 2514 (le
879 2467 971 2512 sup.
994 2474 1022 2500 u
1040 2463 1139 2513 scr.)
1164 2461 1203 2512 Ω
1422 2464 1506 2513 670
1533 2462 1725 2504 certatim
1742 2464 1787 2504 P
1818 2482 1819 2485 ¹
1864 2504 1867 2507 ,

114 2520 194 2568 672
225 2529 380 2566 magno
400 2515 443 2554 P
603 2518 684 2566 675
713 2527 807 2554 cum
824 2515 927 2555 bibit
948 2515 987 2565 Ω
1096 2516 1286 2567 ingestas
1305 2515 1349 2556 A
1487 2519 1567 2570 677
1588 2519 1792 2570 letusque·
1811 2542 1813 2545 .

116 2572 155 2622 Ω
264 2572 345 2621 678
375 2572 579 2610 adversae
594 2569 671 2610 Ps
685 2584 695 2609 ε
721 2583 899 2609 aversae
917 2569 1131 2620 BDKNQ
1217 2584 1476 2622 gressusque
1491 2572 1560 2623 Q:
1588 2586 1782 2624 gressum

114 2626 158 2664 P
318 2627 401 2676 679
429 2638 454 2664 a
475 2635 557 2665 om.
579 2623 623 2663 P
780 2626 863 2664 680
891 2625 1141 2675 quicumque
1162 2624 1201 2676 Ω
1363 2628 1442 2666 681
1475 2633 1693 2677 patremus
1710 2627 1781 2670 Pz·
1818 2637 1821 2642 '

113 2686 357 2731 repetemus
379 2679 419 2730 Ω
581 2680 663 2728 683
693 2683 793 2719 tunc
811 2678 892 2729 ΡΩ
1062 2680 1143 2729 685
1173 2685 1216 2719 et
1240 2679 1430 2720 laudibus
1450 2680 1565 2722 Serv.
1587 2682 1696 2722 Aen.
1719 2683 1778 2724 ix.
1795 2683 1820 2735 (j

113 2736 195 2784 652
414 2735 496 2773 688
525 2738 736 2774 steterunt
761 2734 884 2772 ambo
911 2732 1087 2774 Menke=
1124 2739 1417 2786 steterantque
1445 2735 1485 2786 Q
1613 2736 1780 2787 utrique

114 2788 211 2840 ΚΩ,
252 2788 510 2829 Gronovius:
549 2788 761 2839 utrimque
793 2786 969 2827 PBDN
1145 2789 1223 2839 691
1257 2790 1427 2840 dignate
1458 2788 1521 2828 Ρι
1697 2788 1812 2843 692”,

115 2843 194 2882 hoc
212 2843 296 2894 ΒΩ
316 2844 404 2896 (hic
424 2850 517 2897 sup.
540 2842 603 2896 D)
770 2844 851 2893 695
879 2854 998 2883 meos
1018 2855 1150 2884 annos
1167 2842 1249 2895 ΡΩ
