1884 3204
904 83 1313 133 THEBAIDOS
1350 85 1564 133 LIBER
1600 86 1732 134 VIII

90 230 210 279 ferte
243 241 415 276 manus
443 228 453 274 l
500 223 684 273 nulline
718 232 892 286 patres,
931 222 1118 271 nulline
1152 222 1399 272 iacentum

62 306 309 359 .unanimi
342 307 547 354 fratres?
591 320 718 367 quae
754 312 889 351 tanta
924 302 1108 351 oblivio
1144 304 1344 351 luctus?

88 403 235 453 quam
269 387 422 450 pudet
458 383 684 433 Inachias
719 392 1009 432 contentum
1043 382 1222 432 abiisse
1260 385 1526 446 Mycenas!
1654 390 1734 443 670

89 467 204 518 hine
238 482 382 529 super
415 464 639 513 Thebis?
685 465 808 512 haec
844 463 1022 511 robora
1057 462 1221 526 regis?
1269 463 1354 512 ubi
1388 472 1554 512 autem

88 546 303 612 egregius
338 547 437 595 dux
470 544 551 594 ille
586 543 772 592 mihi?'
817 542 962 592 simul
998 542 1169 592 ordine
1204 545 1344 603 laevo

58 628 247 695 -ipsum
283 627 620 675 exhortantem
658 641 844 674 cuneos
879 623 1154 687 capitisque
1190 623 1387 687 superbi

86 707 323 772 insignem
358 707 544 769 fulgore
578 705 746 766 videt,
791 722 884 754 nec
919 703 1114 767 segnius
1149 706 1326 753 ardens

86 783 304 843 occurrit,
342 783 487 832 niveo
522 799 671 846 quam
707 781 977 845 flammiger
1010 783 1111 830 ales
1148 780 1271 830 olori
1655 790 1734 843 675

0 904 2 912 ,
79 864 308 916 imminet
343 873 391 912 et
427 880 604 927 magna
639 863 886 927 trepidum
923 861 1225 926 circumligat
1262 861 1448 910 umbra.

85 954 203 998 tunc
237 943 395 1008 prior:
446 943 664 992 ‘Aoniae
699 961 782 992 rex
817 960 847 993 o
882 942 1146 992 iustissime
1180 943 1352 1006 gentis,

86 1025 212 1076 imus
246 1024 297 1073 in
331 1037 467 1073 arma
501 1026 663 1088 palam
699 1026 1001 1087 tandemque
1037 1023 1345 1073 ostendimus
1382 1023 1527 1083 ensis,

59 1113 147 1157 ⁴an
181 1114 379 1154 noctem
415 1114 463 1154 et
499 1105 664 1154 solitas
701 1107 861 1169 placet
887 1114 1178 1168 ,exspectare
1214 1105 1502 1154 tenebras?'

66 1186 164 1237 2ille
198 1185 320 1234 nihil
354 1194 537 1245 contra,
576 1187 664 1235 sed
700 1185 902 1235 stridula
937 1202 1115 1235 cornus
1150 1186 1202 1234 in
1237 1187 1431 1235 hostem
1654 1193 1735 1233 680

83 1267 121 1317 it
153 1268 364 1316 referens
399 1267 632 1315 mandata
666 1266 824 1327 ducis,
858 1283 1006 1330 quam
1042 1266 1275 1330 providus
1311 1267 1454 1315 heros

0 1363 1 1367 ’
85 1347 280 1399 iamiam
314 1346 365 1394 in
400 1347 498 1395 fine
533 1346 639 1395 viae
673 1363 952 1410 percussam
990 1346 1224 1409 obliquat,
1264 1355 1312 1394 et
1348 1345 1453 1408 ipse

0 1463 1 1489 ᾗ
85 1430 235 1479 telum
271 1427 442 1490 ingens
477 1426 619 1476 avide
655 1436 703 1475 et
739 1436 927 1490 quanto
962 1443 1065 1476 non
1100 1436 1215 1475 ante
1250 1428 1431 1475 lacerto

83 1507 306 1572 impulit.‘
354 1507 456 1555 ibat
489 1516 626 1556 atrox
660 1508 810 1555 finem
846 1507 1064 1570 positura
1098 1509 1265 1556 duello

0 1603 1 1658 J
83 1589 281 1638 lancea:
318 1597 601 1636 convertere
637 1589 807 1637 oculos
844 1587 1090 1651 utrimque
1124 1587 1332 1637 faventis
1657 1595 1734 1648 685

0 1680 2 1736 ζ
85 1667 275 1720 Sidonii
311 1668 526 1732 Graique
561 1667 677 1729 dei3
723 1668 933 1717 crudelis
972 1668 1147 1732 Erinys

0 1752 1 1814 J
84 1749 247 1799 obstat
281 1758 330 1798 et
365 1749 569 1798 infando
605 1748 765 1798 differt
803 1750 1037 1798 Eteoclea
1072 1748 1235 1797 fratri:

84 1829 245 1893 cuspis
280 1829 331 1877 in
366 1829 658 1893 armigerum
694 1831 943 1893 Phlegyan
980 1829 1215 1893 peccavit.
1288 1828 1358 1878 ibi
1394 1828 1566 1892 ingens

0 1902 2 1933 ᾖ
82 1926 248 1973 pugna
280 1909 450 1970 virum,
489 1909 656 1958 stricto
691 1926 808 1958 nam
843 1909 1031 1958 saevior
1066 1909 1214 1958 inruit
1250 1926 1367 1958 ense

83 1992 302 2049 Aetolus,
340 1999 566 2054 retroque
601 1992 771 2039 datum
807 1991 1049 2039 Thebana
1083 1991 1314 2053 tegebant
1653 1997 1736 2052 690

84 2087 219 2119 arma
253 2072 445 2120 ducem.
518 2070 588 2119 sic
623 2072 778 2120 densa
812 2073 985 2134 lupum
1020 2070 1117 2119 iam
1155 2080 1302 2120 nocte
1338 2071 1430 2119 sub
1465 2080 1569 2120 atra

83 2161 215 2200 arcet
247 2151 312 2200 ab
346 2153 591 2214 adprenso
626 2161 877 2214 pastorum
914 2152 1056 2200 turba
1091 2151 1334 2212 iuvenco,

0 2222 3 2286 ᾗ
84 2231 339 2295 improbus
374 2231 570 2295 erigitur
604 2241 790 2293 contra,
826 2249 918 2281 nec
955 2249 1071 2281 cura
1105 2232 1315 2281 vetantis

0 2315 2 2342 ⁴
83 2312 348 2376 impetere:
396 2312 546 2372 illum,
585 2312 736 2371 illum,
776 2315 927 2362 semel
962 2313 1014 2361 in
1050 2330 1198 2376 quem
1236 2322 1447 2372 venerat,
1487 2323 1636 2377 urget.

82 2410 185 2442 non
220 2409 361 2441 secus
396 2393 614 2442 obiectas
647 2393 777 2442 acies
813 2395 1106 2457 turbamque
1142 2394 1383 2443 minorem
1654 2402 1734 2457 695

0 2513 2 2551 i
73 2472 357 2523 *dissimulat
393 2473 661 2537 transitque
697 2491 847 2523 manu
864 2489 877 2532 ‚·
926 2483 1091 2523 tamen
1128 2492 1212 2523 ora
1247 2474 1503 2534 Thoantis,

0 2558 3 2599 l
42 2587 62 2604 ,-
82 2563 281 2624 pectora
317 2554 558 2612 Deilochi,
598 2554 762 2604 Clonii
797 2556 936 2615 latus,
974 2554 1056 2604 ilia
1091 2555 1214 2604 torvi

126 2683 216 2732 ,669
243 2680 395 2720 oblivio
423 2681 492 2720 P:
528 2682 681 2721 oblivia
699 2682 768 2721 ωδ
884 2684 963 2732 673
992 2689 1237 2723 exorantem
1266 2683 1309 2722 P
1443 2684 1521 2734 675
1553 2681 1735 2724 occurrit

0 2728 13 2779 T
82 2734 163 2775 ΡΑ
185 2750 195 2775 :
223 2737 404 2775 accurrit
418 2735 487 2774 ωδ
583 2738 663 2785 676
691 2737 902 2787 tripodum
920 2739 963 2788 (e
983 2744 1073 2788 sup.
1097 2737 1123 2783 i,
1140 2738 1256 2789 isup.
1274 2737 1428 2790 oadd.)
1452 2738 1490 2787 Q
1564 2738 1731 2790 umbra]

83 2789 203 2837 hasta
221 2789 263 2828 A
359 2791 551 2839 688-689
580 2795 735 2842 transp.
755 2791 798 2829 P
902 2792 982 2830 688
1011 2792 1253 2831 armiferum
1272 2791 1315 2830 P
1411 2794 1490 2843 692
1511 2792 1731 2833 iuvencum

82 2842 142 2883 P²
303 2845 382 2895 697
413 2844 571 2883 cthonii
590 2843 633 2882 P
