1884 3204
953 113 1365 162 THEBAIDOS
1404 114 1616 162 LIBER
1655 115 1729 162 IV

78 249 352 315 pendimus.
423 246 634 297 aeternis
670 246 835 310 potius
871 263 965 306 me,
1006 249 1215 306 Bacche,
1253 247 1439 310 pruinis

39 359 43 366 ,
79 340 208 379 trans
241 339 291 379 et
324 327 604 377 Amazoniis
639 328 878 375 ululatum
915 327 1175 376 Caucason
1209 328 1356 376 armis

77 410 193 460 siste
226 411 398 468 ferens,
437 424 585 470 quam
622 416 841 456 monstra
875 408 1061 455 ducum
1097 406 1398 471 stirpemque
1434 409 1689 470 profanam

0 543 2 547 ,
77 492 288 553 eloquar.
360 505 422 538 en
457 504 631 551 urges3
677 487 828 535 alium
864 486 966 547 tibi,
1007 489 1216 547 Bacche,
1254 490 1468 537 furorem
1649 497 1729 549 396

75 569 259 619 iuravi:
306 567 475 617 similis
509 567 656 617 video
692 584 981 616 concurrere
1016 576 1209 628 tauros;

38 674 41 675 ⁷
75 649 207 700 idem
241 649 485 698 ambobus
521 649 680 696 honos
716 664 944 712 unusque
978 648 1042 696 ab
1079 647 1264 710 origine
1300 647 1527 711 sanguis,

71 730 226 779 ardua
261 727 466 778 conlatis
502 727 671 776 obnixi
706 744 894 776 cornua
929 727 1138 776 miscent

73 808 313 858 frontibus
348 810 632 871 alternaque
668 817 830 857 truces
868 807 1143 857 moriuntur
1178 807 1229 856 in
1265 808 1348 857 ira.
1646 827 1728 870 400

58 897 127 938 v‘cu
161 887 311 951 peior,
350 896 402 935 tu
437 889 560 937 cede
595 904 795 948 nocens,
833 888 918 951 qui
953 890 1086 937 solus
1120 888 1250 936 avita

72 967 293 1032 gramina
327 985 745 1031 communemque
780 968 905 1032 petis
941 970 1209 1017 defendere
1245 978 1481 1017 montem.

73 1064 103 1097 a
138 1047 300 1097 miseri
336 1052 561 1098 morum!
608 1049 825 1098 bellastis
861 1049 1099 1113 sanguine
1136 1058 1274 1098 tanto

26 1119 29 1120 ⁷
57 1127 123 1178 'et
158 1130 335 1176 saltum
371 1130 472 1178 dux
505 1131 626 1178 alter
661 1130 874 1178 habet?'
916 1129 984 1179 sic
1020 1132 1120 1178 fata
1153 1129 1324 1193 gelatis

73 1208 286 1258 vultibus
322 1218 371 1257 et
407 1211 606 1258 Baccho
641 1209 739 1258 iam
775 1209 1078 1273 demigrante
1113 1210 1310 1273 quievit.
1649 1228 1730 1271 405

140 1291 208 1337 At
242 1288 460 1352 trepidus
496 1298 717 1338 monstro
752 1298 802 1338 et
837 1289 978 1338 variis
1015 1289 1278 1338 terroribus
1314 1289 1472 1353 impar

74 1368 297 1432 longaevi
332 1385 415 1417 rex
449 1368 571 1416 vatis
607 1385 754 1432 opem
791 1371 1118 1432 tenebrasque
1153 1386 1351 1433 sagaces

74 1447 302 1509 Tiresiae,
341 1447 426 1511 qui
461 1465 569 1497 mos
604 1448 789 1498 incerta
823 1449 1131 1512 paventibus,
1168 1466 1311 1512 aeger

36 1582 40 1585 ,
74 1528 297 1579 consulit.
368 1528 449 1577 ille
484 1530 605 1577 deos
641 1545 743 1578 non
779 1530 911 1592 larga
945 1531 1098 1578 caede
1134 1529 1413 1590 iuvencum,

74 1625 176 1659 non
209 1608 354 1658 alacri
388 1608 541 1672 pinna
575 1618 661 1657 aut
695 1626 865 1658 verum
902 1609 1201 1672 spirantibus
1237 1609 1373 1670 extis,
1645 1629 1729 1670 4¹0

73 1706 166 1740 nec
200 1689 392 1753 tripode
426 1688 665 1753 implicito
700 1688 1018 1752 numerisque
1053 1690 1374 1752 sequentibus
1409 1699 1550 1749 astra,

74 1782 210 1820 turea
243 1786 337 1819 nec
370 1786 516 1833 supra
550 1760 784 1819 volitante
818 1769 987 1818 altaria
1020 1771 1158 1819 fumo

6 1903 10 1907 ,
74 1859 175 1899 tam
209 1849 417 1914 penitus,
455 1851 606 1898 durae
641 1867 790 1912 quam
826 1850 995 1899 mortis
1030 1850 1200 1899 limine
1235 1851 1392 1899 manis

74 1930 276 1990 elicitos,
313 1929 528 1994 patuisse
562 1931 722 1991 refert,
758 1932 1074 1994 Lethaeaque
1109 1947 1244 1980 sacra
1275 1929 1278 1931 ’

75 2020 124 2061 et
159 2027 373 2060 mersum
411 2010 596 2058 Ismeni
632 2010 799 2059 subter
834 2010 1050 2059 confinia
1084 2020 1240 2074 ponto
1645 2032 1727 2075 415

76 2090 326 2140 miscentis
360 2098 497 2152 parat
532 2099 646 2138 ante
681 2091 875 2150 ducem,
913 2089 1197 2154 circumque
1233 2090 1492 2140 bidentum

75 2170 342 2220 visceribus
377 2169 546 2219 laceris
582 2179 631 2218 et
665 2169 806 2219 odori
841 2171 1050 2234 sulpuris
1084 2188 1201 2220 aura

76 2250 475 2314 graminibusque
510 2249 649 2298 novis
685 2259 733 2299 et
768 2252 916 2314 longo
952 2268 1199 2300 murmure
1234 2260 1420 2315 purgat.

145 2329 275 2380 Silva
309 2346 462 2392 capax
495 2329 603 2378 aevi
637 2330 896 2393 validaque
931 2331 1132 2380 incurva
1166 2340 1378 2390 senecta,

75 2418 329 2459 aeternum
363 2408 588 2458 intonsae
622 2410 823 2471 frondis,
863 2420 958 2460 stat
992 2411 1156 2475 pervia
1191 2411 1338 2460 nullis
1648 2432 1730 2472 420

128 2548 210 2586 393
237 2535 402 2575 aetneis
434 2535 477 2574 P
635 2539 716 2587 396
745 2549 900 2587 urgens
1135 2551 1216 2588 402
1245 2544 1429 2578 montem
1464 2540 1728 2593 (†campum)

269 2601 348 2639 403
377 2602 551 2639 quorum
570 2590 779 2630 Baehrens
870 2592 1058 2632 bellastis
1075 2592 1137 2631 P:
1177 2593 1343 2632 bellatis
1361 2592 1430 2632 ωδ
1564 2607 1644 2643 404
1674 2608 1729 2634 en

74 2644 300 2683 Heinsius:
318 2644 650 2695 interrogationis
669 2651 812 2684 notam
824 2647 951 2696 posui
1057 2660 1137 2695 410
1156 2647 1411 2696 spirantibus
1427 2646 1495 2686 ωδ
1508 2661 1516 2687 :
1539 2648 1729 2690 salienti-

74 2698 153 2737 bus
167 2696 248 2737 PA
397 2710 476 2748 413
505 2698 646 2737 limine
676 2698 746 2738 N:
786 2699 917 2739 limite
935 2700 1101 2751 PBDQ
1123 2701 1224 2752 [KS
1237 2702 1270 2754 Z]
1301 2701 1490 2740 Priscian
1649 2714 1729 2751 414

70 2755 167 2858 pos)t
178 2751 314 2856 Qhunc
340 2764 443 2793 vers,
481 2752 642 2804 aliquid
674 2752 864 2794 excidisse
895 2758 1019 2806 putat
1049 2754 1224 2795 Mueller
1382 2767 1462 2805 415
1492 2756 1524 2795 it
1545 2757 1637 2805 (†et
1675 2757 1728 2795 al.

77 2818 134 2846 m.
