1884 3204
100 59 153 107 P.
193 59 436 108 PAPINI
473 60 679 110 STATI

99 206 238 247 muta
272 198 402 248 senis
422 217 436 261 3
477 209 721 264 quaerunt
754 201 961 266 puerilia
995 201 1214 254 carmina
1249 203 1414 256 Fauni
1682 223 1765 270 240

98 286 148 327 et
183 284 392 343 sperata
410 279 497 329 diu
531 283 727 344 plorant
761 283 978 334 conubia
1010 286 1288 349 Nymphae.

168 361 278 409 Iam
312 361 491 424 premit
524 372 655 413 astra
688 363 799 415 dies.
830 365 1106 430 humilique
1141 384 1201 416 ex
1235 384 1450 432 aequore
1486 366 1637 418 Titan

98 442 305 491 rorantis
341 442 522 493 evolvit
556 461 712 508 equos
748 455 797 496 et
830 447 895 496 ab
929 449 1128 498 aethere
1163 465 1345 513 magno

98 523 349 573 sublatum
385 542 528 575 curru
563 529 765 591 pelagus
801 528 950 591 cadit,
985 538 1036 578 at
1063 531 1191 579 vada
1226 538 1382 580 mater
1830 576 1835 579 .

100 604 267 667 Scyria
301 604 596 656 iamdudum
632 610 811 658 fluctus
847 627 1050 660 emensa
1084 611 1301 672 tenebat,
1683 628 1761 672 245
1823 655 1825 659 ,

99 684 416 750 exierantque
449 687 566 751 iugo
601 689 716 738 fessi
751 690 1012 754 delphines
1047 691 1184 742 erili:
1827 683 1831 685 ’

99 783 215 816 cum
250 768 390 832 pueri
424 771 710 819 tremefacta
746 771 886 834 quies
921 771 1152 836 oculique
1187 781 1412 836 patentes

100 847 320 897 infusum
356 866 554 899 sensere
589 851 737 901 diem.
811 861 978 915 stupet
1013 856 1125 903 aere
1159 853 1338 918 primo,

101 945 228 992 quae
263 931 386 991 loca,
426 930 512 994 qui
546 933 740 992 fluctuS,
777 932 866 982 ubi
901 933 1115 983 Pelion?
1161 935 1331 984 omnia
1363 950 1503 984 versa
1826 994 1827 998 Ἰ

100 1019 249 1074 atque
284 1010 453 1075 ignota
487 1011 623 1062 videt
658 1012 954 1082 dubitatque
988 1031 1256 1079 agnoscere
1291 1025 1512 1066 matrem.
1685 1035 1707 1065 2
1715 1035 1766 1079 50
1824 1004 1840 1086 fs

101 1101 313 1156 occupat
347 1092 430 1142 illa
466 1110 617 1143 manu
653 1094 938 1159 blandeque
973 1097 1140 1146 adfata
1174 1084 1473 1160 paventem:

102 1178 114 1199 ‘
133 1173 184 1223 Si
221 1173 356 1235 mihi,
394 1192 506 1224 care
540 1193 675 1239 puer,
713 1177 958 1227 thalamos
993 1194 1098 1227 sors
1131 1194 1292 1242 aequa
1325 1177 1528 1240 tulisset,

99 1272 226 1319 quos
262 1256 427 1317 dabat,
464 1257 693 1307 aetheriis
728 1274 822 1322 ego
857 1267 907 1308 te
941 1260 1202 1323 complexa
1236 1269 1456 1309 tenerem

100 1334 237 1386 sidus
271 1340 457 1401 grande
493 1339 662 1403 plagis,
701 1340 968 1405 magnique
1002 1357 1243 1405 puerpera
1277 1340 1401 1391 caeli
1828 1406 1829 1409 ¹

100 1418 170 1466 nil
205 1418 405 1468 humilis
443 1422 620 1470 Parcas
657 1430 949 1487 terrenaque
984 1424 1084 1472 fata
1117 1439 1320 1472 vererer.
1681 1440 1768 1485 255·
1827 1416 1830 1434 ⁵

23 1553 26 1556 Α
101 1517 236 1549 nunc
271 1499 430 1565 impar
463 1501 566 1563 tibi,
606 1512 734 1563 nate,
772 1521 943 1567 genus,
980 1506 1336 1568 praeclusaque
1370 1502 1456 1553 leti

100 1590 294 1631 tantum
330 1599 360 1632 a
395 1592 550 1633 matre
585 1583 665 1633 via
699 1594 807 1646 est3
848 1584 969 1648 quin
1005 1594 1054 1635 et
1089 1586 1360 1635 metuenda
1393 1583 1732 1651 propinquant

100 1672 327 1727 tempora
361 1673 410 1713 et
445 1665 673 1715 extremis
709 1668 914 1716 admota
946 1666 1165 1731 pericula
1200 1666 1359 1716 metis.

101 1746 352 1805 cedamus,
389 1748 694 1810 paulumque
727 1747 921 1797 animos
957 1747 1194 1798 submitte
1228 1746 1377 1797 virilis
1844 1806 1849 1810 ‚

102 1835 250 1890 atque
286 1827 484 1877 habitus
521 1828 723 1892 dignare
759 1846 912 1879 meos,
986 1829 1027 1878 si
1063 1829 1222 1893 Lydia
1256 1831 1381 1879 dura
1685 1834 1768 1878 260
1838 1859 1839 1862 =

102 1926 256 1973 pensa
291 1926 442 1959 manu
478 1911 741 1975 mollisque
777 1911 889 1961 tulit
922 1911 1210 1975 Tirynthius
1245 1912 1424 1972 hastas,
1508 1973 1510 1975 ι

102 1990 143 2039 si
178 1992 324 2040 decet
358 2001 527 2041 aurata
564 1994 820 2042 Bacchum
857 1992 1063 2057 vestigia
1097 1994 1230 2057 palla

101 2089 304 2133 verrere,
341 2072 586 2136 virgineos
623 2073 663 2123 si
701 2074 924 2139 Iuppiter
958 2074 1120 2124 induit
1155 2082 1301 2135 artus,

102 2170 197 2204 nec
232 2171 469 2218 magnum
504 2155 726 2220 ambigui
761 2158 1010 2220 fregerunt
1046 2157 1247 2207 Caenea
1281 2170 1439 2216 sexu8,
1777 2201 1779 2205 Α

103 2237 195 2285 hac
231 2235 351 2297 sine,
391 2253 591 2300 quaeso,
630 2237 789 2287 minas
825 2238 1114 2302 nubemque
1150 2236 1279 2287 exire
1315 2235 1593 2300 malignam.
1685 2237 1766 2299 265
1819 2238 1853 2254 ³⁴

104 2334 219 2366 mox
253 2317 432 2367 iterum
468 2335 685 2383 campOS,
724 2318 902 2369 iterum
939 2318 1236 2371 Centaurica
1270 2319 1477 2368 reddam

157 2460 239 2497 242
269 2447 503 2498 humilique
531 2448 601 2487 P:
630 2448 912 2499 humidusque
939 2448 1006 2487 E:
1034 2447 1289 2499 humilisque
1317 2462 1349 2486 ω
1457 2479 1460 2482 ,
1485 2459 1564 2497 244
1593 2452 1637 2487 at
1662 2446 1762 2500 EQ:
1800 2433 1811 2438 „

103 2515 153 2543 ac
181 2502 228 2541 K
248 2502 309 2553 (in
331 2502 465 2556 ras.):
493 2503 546 2542 ad
566 2502 609 2542 P
824 2513 904 2552 245
935 2503 1091 2542 emissa
1110 2502 1153 2542 P
1368 2514 1448 2552 247
1477 2508 1676 2553 patentes
1701 2507 1768 2542 11:
1820 2552 1822 2554 Ι

104 2558 293 2596 iacentes
322 2572 353 2595 ω
587 2570 668 2608 249
697 2558 851 2598 fluctus
883 2558 926 2597 in
946 2570 1030 2598 ras.
1049 2556 1094 2596 P
1267 2569 1392 2596 versa
1419 2556 1490 2596 P:
1531 2562 1675 2596 versat
1700 2554 1770 2596 Εω
1818 2559 1833 2590 ι’

103 2624 184 2661 252
214 2611 383 2651 tulisset
411 2610 479 2652 P:
526 2612 716 2652 dedisset
756 2612 827 2651 Εω
1000 2623 1081 2661 254
1104 2614 1201 2663 post
1231 2611 1344 2650 hunc
1372 2624 1411 2651 v.
1444 2611 1632 2662 sequitur
1658 2611 1704 2650 in
1731 2609 1774 2651 E

105 2666 225 2705 Clato
255 2666 449 2705 columba
478 2667 597 2706 iubat
627 2666 810 2707 lachesis
842 2666 971 2706 trahit
999 2672 1092 2706 atro
1123 2671 1282 2716 poscat,
1305 2664 1414 2705 unde
1439 2678 1642 2717 agnoscas
1667 2663 1774 2705 illud

103 2720 392 2759 scholasticum
425 2721 580 2760 Clotho
619 2721 759 2761 colum
798 2720 967 2772 retinet,
1008 2721 1211 2760 Lachesis
1243 2720 1390 2768 trahit,
1423 2719 1613 2770 Atropos
1650 2725 1769 2760 occat
1816 2766 1818 2769 ¹

102 2786 181 2823 257
212 2788 237 2813 a
256 2780 389 2814 matre
419 2780 483 2815 H:
513 2781 649 2815 matre
673 2791 703 2814 ω
731 2790 740 2816 :
757 2776 861 2826 fort.
886 2776 930 2815 in
952 2781 1085 2816 matre
1248 2777 1331 2814 260
1358 2774 1496 2814 avitus
1525 2773 1568 2813 P
1672 2773 1770 2827 licia

104 2828 146 2866 E
385 2833 465 2880 263
494 2843 617 2870 arcus
645 2830 689 2869 P
921 2832 1001 2882 265
1031 2830 1109 2871 hac
1137 2830 1362 2882 Postgate:
1389 2828 1472 2870 hae
1500 2828 1567 2869 P:
1595 2828 1674 2869 has
1699 2827 1769 2868 Em
1825 2859 1827 2863 .

104 2895 344 2935 numenque
363 2913 374 2925 .
399 2914 409 2927 .
431 2915 440 2925 .
462 2884 693 2936 malignum
720 2885 791 2925 Εω
1811 2883 1837 2915 Ῡ
