<?xml version="1.0" encoding="UTF-8"?>
<!DOCTYPE html PUBLIC "-//W3C//DTD XHTML 1.0 Transitional//EN"
    "http://www.w3.org/TR/xhtml1/DTD/xhtml1-transitional.dtd">
<html xmlns="http://www.w3.org/1999/xhtml" xml:lang="en" lang="en">
 <head>
  <title>
</title>
<meta http-equiv="Content-Type" content="text/html;charset=utf-8" />
  <meta name='ocr-system' content='tesseract 3.04.00' />
  <meta name='ocr-capabilities' content='ocr_page ocr_carea ocr_par ocr_line ocrx_word'/>
</head>
<body>
  <div class='ocr_page' id='page_1' title='image "./thebaisetachille00statuoft_0081.png"; bbox 0 0 1884 3204; ppageno 0'>
   <div class='ocr_carea' id='block_1_1' title="bbox 950 106 1733 155">
    <p class='ocr_par' dir='ltr' id='par_1_1' title="bbox 950 106 1733 155">
     <span class='ocr_line' id='line_1_1' title="bbox 950 106 1733 155; baseline 0.003 -2"><span class='ocrx_word' id='word_1_1' title='bbox 950 106 1360 155; x_wconf 91' lang='lat' dir='ltr'>THEBAIDOS</span> <span class='ocrx_word' id='word_1_2' title='bbox 1398 107 1614 154; x_wconf 91' lang='lat' dir='ltr'>LIBER</span> <span class='ocrx_word' id='word_1_3' title='bbox 1651 109 1733 155; x_wconf 92' lang='lat'>111</span> 
     </span>
    </p>
   </div>
   <div class='ocr_carea' id='block_1_2' title="bbox 10 240 1737 2398">
    <p class='ocr_par' dir='ltr' id='par_1_2' title="bbox 89 240 1510 307">
     <span class='ocr_line' id='line_1_2' title="bbox 89 240 1510 307; baseline -0.005 -10"><span class='ocrx_word' id='word_1_4' title='bbox 89 248 274 306; x_wconf 89' lang='lat' dir='ltr'>ductor,</span> <span class='ocrx_word' id='word_1_5' title='bbox 312 242 680 307; x_wconf 86' lang='lat' dir='ltr'>magnanimum</span> <span class='ocrx_word' id='word_1_6' title='bbox 716 241 755 290; x_wconf 87' lang='lat' dir='ltr'>si</span> <span class='ocrx_word' id='word_1_7' title='bbox 792 240 900 304; x_wconf 90' lang='lat' dir='ltr'>quis</span> <span class='ocrx_word' id='word_1_8' title='bbox 937 241 1027 290; x_wconf 90' lang='lat' dir='ltr'>tibi</span> <span class='ocrx_word' id='word_1_9' title='bbox 1060 241 1256 303; x_wconf 89' lang='lat' dir='ltr'>sanguis</span> <span class='ocrx_word' id='word_1_10' title='bbox 1291 258 1510 300; x_wconf 92' lang='lat' dir='ltr'>avorum,</span> 
     </span>
    </p>

    <p class='ocr_par' dir='ltr' id='par_1_3' title="bbox 41 320 1737 464">
     <span class='ocr_line' id='line_1_3' title="bbox 41 320 1737 388; baseline -0.004 -12"><span class='ocrx_word' id='word_1_11' title='bbox 41 350 44 359; x_wconf 85' lang='lat'><em>·</em></span> <span class='ocrx_word' id='word_1_12' title='bbox 86 343 219 376; x_wconf 90' lang='lat' dir='ltr'>arma</span> <span class='ocrx_word' id='word_1_13' title='bbox 251 327 394 388; x_wconf 86' lang='lat' dir='ltr'>para!</span> <span class='ocrx_word' id='word_1_14' title='bbox 442 338 683 385; x_wconf 85' lang='lat' dir='ltr'>nusquam</span> <span class='ocrx_word' id='word_1_15' title='bbox 720 320 892 384; x_wconf 82' lang='lat' dir='ltr'>pietaS,</span> <span class='ocrx_word' id='word_1_16' title='bbox 927 337 1028 369; x_wconf 92' lang='lat' dir='ltr'>non</span> <span class='ocrx_word' id='word_1_17' title='bbox 1063 321 1291 383; x_wconf 89' lang='lat' dir='ltr'>gentibus</span> <span class='ocrx_word' id='word_1_18' title='bbox 1327 339 1541 385; x_wconf 92' lang='lat' dir='ltr'>aequum</span> <span class='ocrx_word' id='word_1_19' title='bbox 1656 341 1737 381; x_wconf 83' lang='lat'>350</span> 
     </span>
     <span class='ocr_line' id='line_1_4' title="bbox 85 400 1300 464; baseline -0.006 -8"><span class='ocrx_word' id='word_1_20' title='bbox 85 408 155 456; x_wconf 89' lang='lat' dir='ltr'>fas</span> <span class='ocrx_word' id='word_1_21' title='bbox 189 414 274 454; x_wconf 92' lang='lat' dir='ltr'>aut</span> <span class='ocrx_word' id='word_1_22' title='bbox 307 404 410 454; x_wconf 84' lang='lat' dir='ltr'>iura</span> <span class='ocrx_word' id='word_1_23' title='bbox 446 402 612 463; x_wconf 89' lang='lat' dir='ltr'>Iovis;</span> <span class='ocrx_word' id='word_1_24' title='bbox 658 400 831 451; x_wconf 91' lang='lat' dir='ltr'>melius</span> <span class='ocrx_word' id='word_1_25' title='bbox 866 402 1052 464; x_wconf 92' lang='lat' dir='ltr'>legatus</span> <span class='ocrx_word' id='word_1_26' title='bbox 1087 401 1300 450; x_wconf 91' lang='lat' dir='ltr'>adissem</span> 
     </span>
    </p>

    <p class='ocr_par' dir='ltr' id='par_1_4' title="bbox 86 482 1351 544">
     <span class='ocr_line' id='line_1_5' title="bbox 86 482 1351 544; baseline -0.006 -7"><span class='ocrx_word' id='word_1_27' title='bbox 86 489 393 538; x_wconf 84' lang='lat' dir='ltr'>Sauromatas</span> <span class='ocrx_word' id='word_1_28' title='bbox 429 482 626 532; x_wconf 89' lang='lat' dir='ltr'>rabidos</span> <span class='ocrx_word' id='word_1_29' title='bbox 662 490 1057 544; x_wconf 85' lang='lat' dir='ltr'>servatoremque</span> <span class='ocrx_word' id='word_1_30' title='bbox 1092 491 1351 530; x_wconf 91' lang='lat' dir='ltr'>cruentum</span> 
     </span>
    </p>

    <p class='ocr_par' dir='ltr' id='par_1_5' title="bbox 87 561 1338 628">
     <span class='ocr_line' id='line_1_6' title="bbox 87 561 1338 628; baseline -0.005 -12"><span class='ocrx_word' id='word_1_31' title='bbox 87 565 310 628; x_wconf 90' lang='lat' dir='ltr'>Bebrycii</span> <span class='ocrx_word' id='word_1_32' title='bbox 344 562 571 613; x_wconf 87' lang='lat' dir='ltr'>nemoris.</span> <span class='ocrx_word' id='word_1_33' title='bbox 643 579 736 611; x_wconf 91' lang='lat' dir='ltr'>nec</span> <span class='ocrx_word' id='word_1_34' title='bbox 770 561 902 610; x_wconf 91' lang='lat' dir='ltr'>iussa</span> <span class='ocrx_word' id='word_1_35' title='bbox 936 561 1110 611; x_wconf 90' lang='lat' dir='ltr'>incuso</span> <span class='ocrx_word' id='word_1_36' title='bbox 1145 562 1338 625; x_wconf 82' lang='lat' dir='ltr'>pigetve</span> 
     </span>
    </p>

    <p class='ocr_par' dir='ltr' id='par_1_6' title="bbox 38 642 1367 705">
     <span class='ocr_line' id='line_1_7' title="bbox 38 642 1367 705; baseline -0.005 -9"><span class='ocrx_word' id='word_1_37' title='bbox 38 664 43 666; x_wconf 85' lang='grc'><strong><em>·</em></strong></span> <span class='ocrx_word' id='word_1_38' title='bbox 87 645 262 696; x_wconf 85' lang='lat' dir='ltr'>officii:</span> <span class='ocrx_word' id='word_1_39' title='bbox 309 644 442 693; x_wconf 90' lang='lat' dir='ltr'>iuvat</span> <span class='ocrx_word' id='word_1_40' title='bbox 475 643 583 702; x_wconf 92' lang='lat' dir='ltr'>isse,</span> <span class='ocrx_word' id='word_1_41' title='bbox 622 642 768 702; x_wconf 91' lang='lat' dir='ltr'>iuvat,</span> <span class='ocrx_word' id='word_1_42' title='bbox 806 643 1107 705; x_wconf 90' lang='lat' dir='ltr'>Thebasque</span> <span class='ocrx_word' id='word_1_43' title='bbox 1142 642 1367 691; x_wconf 89' lang='lat' dir='ltr'>nocentis</span> 
     </span>
    </p>

    <p class='ocr_par' dir='ltr' id='par_1_7' title="bbox 60 722 1734 948">
     <span class='ocr_line' id='line_1_8' title="bbox 73 722 1734 790; baseline -0.005 -14"><span class='ocrx_word' id='word_1_44' title='bbox 73 728 358 790; x_wconf 57' lang='lat' dir='ltr'>&lt;explorasse</span> <span class='ocrx_word' id='word_1_45' title='bbox 394 741 544 772; x_wconf 93' lang='lat' dir='ltr'>manu</span> <span class='ocrx_word' id='word_1_46' title='bbox 562 741 575 784; x_wconf 80' lang='lat'>3</span> <span class='ocrx_word' id='word_1_47' title='bbox 621 723 753 772; x_wconf 88' lang='lat' dir='ltr'>bello</span> <span class='ocrx_word' id='word_1_48' title='bbox 788 739 882 782; x_wconf 91' lang='lat' dir='ltr'>me,</span> <span class='ocrx_word' id='word_1_49' title='bbox 921 722 1119 782; x_wconf 90' lang='lat' dir='ltr'>credite,</span> <span class='ocrx_word' id='word_1_50' title='bbox 1157 723 1303 782; x_wconf 92' lang='lat' dir='ltr'>bello,</span> <span class='ocrx_word' id='word_1_51' title='bbox 1656 742 1734 783; x_wconf 85' lang='lat'>355</span> 
     </span>
     <span class='ocr_line' id='line_1_9' title="bbox 86 803 1515 867; baseline -0.004 -10"><span class='ocrx_word' id='word_1_52' title='bbox 86 824 175 857; x_wconf 91' lang='lat' dir='ltr'>ceu</span> <span class='ocrx_word' id='word_1_53' title='bbox 211 806 378 855; x_wconf 91' lang='lat' dir='ltr'>turrim</span> <span class='ocrx_word' id='word_1_54' title='bbox 413 805 627 855; x_wconf 90' lang='lat' dir='ltr'>validam</span> <span class='ocrx_word' id='word_1_55' title='bbox 661 813 746 852; x_wconf 90' lang='lat' dir='ltr'>aut</span> <span class='ocrx_word' id='word_1_56' title='bbox 781 813 935 852; x_wconf 86' lang='lat' dir='ltr'>artam</span> <span class='ocrx_word' id='word_1_57' title='bbox 971 803 1292 867; x_wconf 87' lang='lat' dir='ltr'>compagibus</span> <span class='ocrx_word' id='word_1_58' title='bbox 1329 804 1515 863; x_wconf 89' lang='lat' dir='ltr'>urbem,</span> 
     </span>
     <span class='ocr_line' id='line_1_10' title="bbox 60 884 1289 948; baseline -0.004 -10"><span class='ocrx_word' id='word_1_59' title='bbox 60 887 260 938; x_wconf 71' lang='lat' dir='ltr'>‘delecti</span> <span class='ocrx_word' id='word_1_60' title='bbox 295 885 483 935; x_wconf 91' lang='lat' dir='ltr'>insidiis</span> <span class='ocrx_word' id='word_1_61' title='bbox 518 884 841 948; x_wconf 89' lang='lat' dir='ltr'>instructique</span> <span class='ocrx_word' id='word_1_62' title='bbox 876 885 1108 934; x_wconf 91' lang='lat' dir='ltr'>omnibus</span> <span class='ocrx_word' id='word_1_63' title='bbox 1143 885 1289 933; x_wconf 88' lang='lat' dir='ltr'>armis</span> 
     </span>
    </p>

    <p class='ocr_par' dir='ltr' id='par_1_8' title="bbox 77 965 1736 1435">
     <span class='ocr_line' id='line_1_11' title="bbox 85 965 1445 1030; baseline -0.003 -13"><span class='ocrx_word' id='word_1_64' title='bbox 85 977 229 1018; x_wconf 89' lang='lat' dir='ltr'>nocte</span> <span class='ocrx_word' id='word_1_65' title='bbox 264 969 480 1030; x_wconf 91' lang='lat' dir='ltr'>doloque</span> <span class='ocrx_word' id='word_1_66' title='bbox 515 965 603 1014; x_wconf 92' lang='lat' dir='ltr'>viri</span> <span class='ocrx_word' id='word_1_67' title='bbox 637 967 828 1015; x_wconf 91' lang='lat' dir='ltr'>nudum</span> <span class='ocrx_word' id='word_1_68' title='bbox 866 965 1188 1029; x_wconf 91' lang='lat' dir='ltr'>ignarumque</span> <span class='ocrx_word' id='word_1_69' title='bbox 1223 967 1445 1014; x_wconf 92' lang='lat' dir='ltr'>locorum</span> 
     </span>
     <span class='ocr_line' id='line_1_12' title="bbox 82 1045 1736 1112; baseline -0.002 -15"><span class='ocrx_word' id='word_1_70' title='bbox 82 1047 382 1112; x_wconf 90' lang='lat' dir='ltr'>nequiquam</span> <span class='ocrx_word' id='word_1_71' title='bbox 418 1049 667 1107; x_wconf 90' lang='lat' dir='ltr'>clausere;</span> <span class='ocrx_word' id='word_1_72' title='bbox 713 1046 874 1095; x_wconf 91' lang='lat' dir='ltr'>iacent</span> <span class='ocrx_word' id='word_1_73' title='bbox 909 1046 959 1094; x_wconf 91' lang='lat' dir='ltr'>in</span> <span class='ocrx_word' id='word_1_74' title='bbox 995 1046 1232 1109; x_wconf 91' lang='lat' dir='ltr'>sanguine</span> <span class='ocrx_word' id='word_1_75' title='bbox 1267 1045 1405 1094; x_wconf 88' lang='lat' dir='ltr'>mixti</span> <span class='ocrx_word' id='word_1_76' title='bbox 1657 1065 1736 1107; x_wconf 85' lang='lat'>359</span> 
     </span>
     <span class='ocr_line' id='line_1_13' title="bbox 80 1126 1642 1190; baseline -0.002 -12"><span class='ocrx_word' id='word_1_77' title='bbox 80 1138 194 1178; x_wconf 91' lang='lat' dir='ltr'>ante</span> <span class='ocrx_word' id='word_1_78' title='bbox 229 1129 400 1177; x_wconf 92' lang='lat' dir='ltr'>urbem</span> <span class='ocrx_word' id='word_1_79' title='bbox 436 1144 655 1176; x_wconf 90' lang='lat' dir='ltr'>vacuam.</span> <span class='ocrx_word' id='word_1_80' title='bbox 729 1144 862 1188; x_wconf 86' lang='lat' dir='ltr'>nunc</span> <span class='ocrx_word' id='word_1_81' title='bbox 897 1144 941 1186; x_wconf 93' lang='lat' dir='ltr'>o,</span> <span class='ocrx_word' id='word_1_82' title='bbox 982 1144 1114 1176; x_wconf 89' lang='lat' dir='ltr'>nunc</span> <span class='ocrx_word' id='word_1_83' title='bbox 1151 1137 1345 1190; x_wconf 92' lang='lat' dir='ltr'>tempus</span> <span class='ocrx_word' id='word_1_84' title='bbox 1381 1126 1432 1175; x_wconf 91' lang='lat' dir='ltr'>in</span> <span class='ocrx_word' id='word_1_85' title='bbox 1470 1126 1642 1185; x_wconf 89' lang='lat' dir='ltr'>hostis,</span> 
     </span>
     <span class='ocr_line' id='line_1_14' title="bbox 81 1208 1615 1272; baseline -0.003 -13"><span class='ocrx_word' id='word_1_86' title='bbox 81 1211 201 1259; x_wconf 91' lang='lat' dir='ltr'>dum</span> <span class='ocrx_word' id='word_1_87' title='bbox 237 1208 414 1272; x_wconf 90' lang='lat' dir='ltr'>trepidi</span> <span class='ocrx_word' id='word_1_88' title='bbox 449 1224 817 1272; x_wconf 83' lang='lat' dir='ltr'>exsanguesque</span> <span class='ocrx_word' id='word_1_89' title='bbox 853 1217 1001 1268; x_wconf 92' lang='lat' dir='ltr'>metu,</span> <span class='ocrx_word' id='word_1_90' title='bbox 1040 1210 1161 1257; x_wconf 90' lang='lat' dir='ltr'>dum</span> <span class='ocrx_word' id='word_1_91' title='bbox 1198 1210 1368 1256; x_wconf 91' lang='lat' dir='ltr'>funera</span> <span class='ocrx_word' id='word_1_92' title='bbox 1403 1216 1615 1270; x_wconf 90' lang='lat' dir='ltr'>portant,</span> 
     </span>
     <span class='ocr_line' id='line_1_15' title="bbox 81 1288 1735 1350; baseline -0.002 -11"><span class='ocrx_word' id='word_1_93' title='bbox 81 1306 225 1350; x_wconf 90' lang='lat' dir='ltr'>nunc,</span> <span class='ocrx_word' id='word_1_94' title='bbox 252 1306 404 1348; x_wconf 88' lang='lat' dir='ltr'>socer,</span> <span class='ocrx_word' id='word_1_95' title='bbox 430 1290 553 1338; x_wconf 88' lang='lat' dir='ltr'>haec</span> <span class='ocrx_word' id='word_1_96' title='bbox 577 1290 696 1338; x_wconf 91' lang='lat' dir='ltr'>dum</span> <span class='ocrx_word' id='word_1_97' title='bbox 731 1305 832 1337; x_wconf 92' lang='lat' dir='ltr'>non</span> <span class='ocrx_word' id='word_1_98' title='bbox 866 1305 1040 1337; x_wconf 88' lang='lat' dir='ltr'>manus</span> <span class='ocrx_word' id='word_1_99' title='bbox 1070 1288 1250 1338; x_wconf 88' lang='lat' dir='ltr'>excidit</span> <span class='ocrx_word' id='word_1_100' title='bbox 1271 1307 1284 1348; x_wconf 84' lang='lat'>,-</span> <span class='ocrx_word' id='word_1_101' title='bbox 1318 1288 1424 1350; x_wconf 91' lang='lat' dir='ltr'>ipse</span> <span class='ocrx_word' id='word_1_102' title='bbox 1456 1304 1548 1350; x_wconf 89' lang='lat' dir='ltr'>ego</span> <span class='ocrx_word' id='word_1_103' title='bbox 1579 1289 1735 1336; x_wconf 90' lang='lat' dir='ltr'>fessus</span> 
     </span>
     <span class='ocr_line' id='line_1_16' title="bbox 77 1368 1355 1435; baseline -0.003 -16"><span class='ocrx_word' id='word_1_104' title='bbox 77 1369 432 1435; x_wconf 87' lang='lat' dir='ltr'>quinquaginta</span> <span class='ocrx_word' id='word_1_105' title='bbox 465 1368 559 1418; x_wconf 91' lang='lat' dir='ltr'>illis</span> <span class='ocrx_word' id='word_1_106' title='bbox 594 1370 799 1417; x_wconf 91' lang='lat' dir='ltr'>heroum</span> <span class='ocrx_word' id='word_1_107' title='bbox 834 1368 1132 1417; x_wconf 87' lang='lat' dir='ltr'>immanibus</span> <span class='ocrx_word' id='word_1_108' title='bbox 1168 1368 1355 1417; x_wconf 86' lang='lat' dir='ltr'>umbris</span> 
     </span>
    </p>

    <p class='ocr_par' dir='ltr' id='par_1_9' title="bbox 80 1449 1336 1513">
     <span class='ocr_line' id='line_1_17' title="bbox 80 1449 1336 1513; baseline -0.002 -14"><span class='ocrx_word' id='word_1_109' title='bbox 80 1452 376 1513; x_wconf 90' lang='lat' dir='ltr'>vulneraque</span> <span class='ocrx_word' id='word_1_110' title='bbox 411 1449 502 1498; x_wconf 90' lang='lat' dir='ltr'>ista</span> <span class='ocrx_word' id='word_1_111' title='bbox 536 1451 696 1498; x_wconf 90' lang='lat' dir='ltr'>ferens</span> <span class='ocrx_word' id='word_1_112' title='bbox 731 1449 862 1512; x_wconf 92' lang='lat' dir='ltr'>putri</span> <span class='ocrx_word' id='word_1_113' title='bbox 895 1449 1130 1498; x_wconf 89' lang='lat' dir='ltr'>insiccata</span> <span class='ocrx_word' id='word_1_114' title='bbox 1165 1465 1336 1498; x_wconf 92' lang='lat' dir='ltr'>cruore</span> 
     </span>
    </p>

    <p class='ocr_par' dir='ltr' id='par_1_10' title="bbox 80 1528 1732 1672">
     <span class='ocr_line' id='line_1_18' title="bbox 80 1528 1732 1595; baseline -0.002 -15"><span class='ocrx_word' id='word_1_115' title='bbox 80 1530 299 1595; x_wconf 91' lang='lat' dir='ltr'>protinus</span> <span class='ocrx_word' id='word_1_116' title='bbox 334 1530 402 1578; x_wconf 93' lang='lat' dir='ltr'>ire</span> <span class='ocrx_word' id='word_1_117' title='bbox 437 1538 553 1592; x_wconf 93' lang='lat' dir='ltr'>peto</span> <span class='ocrx_word' id='word_1_118' title='bbox 573 1531 610 1577; x_wconf 81' lang='lat'>!&#39;</span> <span class='ocrx_word' id='word_1_119' title='bbox 657 1528 835 1592; x_wconf 91' lang='lat' dir='ltr'>trepidi</span> <span class='ocrx_word' id='word_1_120' title='bbox 870 1531 934 1578; x_wconf 92' lang='lat' dir='ltr'>de</span> <span class='ocrx_word' id='word_1_121' title='bbox 970 1529 1171 1578; x_wconf 92' lang='lat' dir='ltr'>sedibus</span> <span class='ocrx_word' id='word_1_122' title='bbox 1206 1538 1368 1577; x_wconf 90' lang='lat' dir='ltr'>astant</span> <span class='ocrx_word' id='word_1_123' title='bbox 1654 1536 1732 1589; x_wconf 83' lang='lat'>365</span> 
     </span>
     <span class='ocr_line' id='line_1_19' title="bbox 81 1608 1338 1672; baseline -0.002 -12"><span class='ocrx_word' id='word_1_124' title='bbox 81 1611 361 1670; x_wconf 89' lang='lat' dir='ltr'>Inachidae,</span> <span class='ocrx_word' id='word_1_125' title='bbox 399 1609 689 1672; x_wconf 89' lang='lat' dir='ltr'>cunctisque</span> <span class='ocrx_word' id='word_1_126' title='bbox 724 1608 855 1672; x_wconf 89' lang='lat' dir='ltr'>prior</span> <span class='ocrx_word' id='word_1_127' title='bbox 891 1609 1158 1660; x_wconf 88' lang='lat' dir='ltr'>Cadmeius</span> <span class='ocrx_word' id='word_1_128' title='bbox 1194 1611 1338 1659; x_wconf 92' lang='lat' dir='ltr'>heros</span> 
     </span>
    </p>

    <p class='ocr_par' dir='ltr' id='par_1_11' title="bbox 79 1690 1250 1754">
     <span class='ocr_line' id='line_1_20' title="bbox 79 1690 1250 1754; baseline -0.002 -13"><span class='ocrx_word' id='word_1_129' title='bbox 79 1691 284 1741; x_wconf 92' lang='lat' dir='ltr'>accurrit</span> <span class='ocrx_word' id='word_1_130' title='bbox 318 1693 506 1739; x_wconf 89' lang='lat' dir='ltr'>vultum</span> <span class='ocrx_word' id='word_1_131' title='bbox 543 1690 763 1753; x_wconf 87' lang='lat' dir='ltr'>deiectus</span> <span class='ocrx_word' id='word_1_132' title='bbox 798 1700 847 1739; x_wconf 91' lang='lat' dir='ltr'>et</span> <span class='ocrx_word' id='word_1_133' title='bbox 886 1692 960 1741; x_wconf 89' lang='lat' dir='ltr'>‘O</span> <span class='ocrx_word' id='word_1_134' title='bbox 997 1708 1089 1754; x_wconf 87' lang='lat' dir='ltr'>ego</span> <span class='ocrx_word' id='word_1_135' title='bbox 1125 1690 1250 1740; x_wconf 89' lang='lat' dir='ltr'>divis</span> 
     </span>
    </p>

    <p class='ocr_par' dir='ltr' id='par_1_12' title="bbox 80 1770 1325 1834">
     <span class='ocr_line' id='line_1_21' title="bbox 80 1770 1325 1834; baseline 0 -14"><span class='ocrx_word' id='word_1_136' title='bbox 80 1770 262 1822; x_wconf 89' lang='lat' dir='ltr'>invisus</span> <span class='ocrx_word' id='word_1_137' title='bbox 297 1771 524 1834; x_wconf 90' lang='lat' dir='ltr'>vitaeque</span> <span class='ocrx_word' id='word_1_138' title='bbox 559 1788 746 1820; x_wconf 91' lang='lat' dir='ltr'>nocens</span> <span class='ocrx_word' id='word_1_139' title='bbox 781 1772 905 1820; x_wconf 93' lang='lat' dir='ltr'>haec</span> <span class='ocrx_word' id='word_1_140' title='bbox 939 1773 1142 1820; x_wconf 90' lang='lat' dir='ltr'>vulnera</span> <span class='ocrx_word' id='word_1_141' title='bbox 1176 1788 1325 1820; x_wconf 89' lang='lat' dir='ltr'>cerno</span> 
     </span>
    </p>

    <p class='ocr_par' dir='ltr' id='par_1_13' title="bbox 10 1851 1460 1915">
     <span class='ocr_line' id='line_1_22' title="bbox 10 1851 1460 1915; baseline 0.001 -17"><span class='ocrx_word' id='word_1_142' title='bbox 10 1893 15 1898; x_wconf 85' lang='lat'><strong>.</strong></span> <span class='ocrx_word' id='word_1_143' title='bbox 81 1851 300 1915; x_wconf 80' lang='lat' dir='ltr'>integer?</span> <span class='ocrx_word' id='word_1_144' title='bbox 346 1854 503 1901; x_wconf 92' lang='lat' dir='ltr'>hosne</span> <span class='ocrx_word' id='word_1_145' title='bbox 539 1851 660 1899; x_wconf 89' lang='lat' dir='ltr'>mihi</span> <span class='ocrx_word' id='word_1_146' title='bbox 695 1851 894 1911; x_wconf 91' lang='lat' dir='ltr'>reditus,</span> <span class='ocrx_word' id='word_1_147' title='bbox 931 1868 1176 1915; x_wconf 89' lang='lat' dir='ltr'>germane,</span> <span class='ocrx_word' id='word_1_148' title='bbox 1214 1852 1460 1914; x_wconf 82' lang='lat' dir='ltr'>parabas?</span> 
     </span>
    </p>

    <p class='ocr_par' dir='ltr' id='par_1_14' title="bbox 79 1931 1735 2076">
     <span class='ocr_line' id='line_1_23' title="bbox 79 1931 1735 1996; baseline 0 -16"><span class='ocrx_word' id='word_1_149' title='bbox 79 1932 130 1980; x_wconf 91' lang='lat' dir='ltr'>in</span> <span class='ocrx_word' id='word_1_150' title='bbox 166 1949 246 1982; x_wconf 90' lang='lat' dir='ltr'>me</span> <span class='ocrx_word' id='word_1_151' title='bbox 280 1934 403 1981; x_wconf 91' lang='lat' dir='ltr'>haec</span> <span class='ocrx_word' id='word_1_152' title='bbox 437 1934 534 1982; x_wconf 93' lang='lat' dir='ltr'>tela</span> <span class='ocrx_word' id='word_1_153' title='bbox 570 1931 706 1981; x_wconf 84' lang='lat' dir='ltr'>mei?</span> <span class='ocrx_word' id='word_1_154' title='bbox 751 1948 841 1994; x_wconf 91' lang='lat' dir='ltr'>pro</span> <span class='ocrx_word' id='word_1_155' title='bbox 876 1931 1004 1981; x_wconf 90' lang='lat' dir='ltr'>vitae</span> <span class='ocrx_word' id='word_1_156' title='bbox 1039 1934 1186 1981; x_wconf 89' lang='lat' dir='ltr'>foeda</span> <span class='ocrx_word' id='word_1_157' title='bbox 1221 1932 1437 1996; x_wconf 87' lang='lat' dir='ltr'>cupido!</span> <span class='ocrx_word' id='word_1_158' title='bbox 1655 1950 1735 1994; x_wconf 80' lang='lat'>370</span> 
     </span>
     <span class='ocr_line' id='line_1_24' title="bbox 80 2012 1227 2076; baseline 0.001 -16"><span class='ocrx_word' id='word_1_159' title='bbox 80 2012 258 2072; x_wconf 89' lang='lat' dir='ltr'>infelix,</span> <span class='ocrx_word' id='word_1_160' title='bbox 296 2012 427 2061; x_wconf 88' lang='lat' dir='ltr'>fratri</span> <span class='ocrx_word' id='word_1_161' title='bbox 461 2012 650 2061; x_wconf 90' lang='lat' dir='ltr'>facinus</span> <span class='ocrx_word' id='word_1_162' title='bbox 686 2021 786 2060; x_wconf 90' lang='lat' dir='ltr'>tam</span> <span class='ocrx_word' id='word_1_163' title='bbox 822 2014 1006 2076; x_wconf 89' lang='lat' dir='ltr'>grande</span> <span class='ocrx_word' id='word_1_164' title='bbox 1042 2013 1227 2075; x_wconf 89' lang='lat' dir='ltr'>negavi.</span> 
     </span>
    </p>

    <p class='ocr_par' dir='ltr' id='par_1_15' title="bbox 79 2092 1441 2156">
     <span class='ocr_line' id='line_1_25' title="bbox 79 2092 1441 2156; baseline -0.001 -14"><span class='ocrx_word' id='word_1_165' title='bbox 79 2102 128 2142; x_wconf 91' lang='lat' dir='ltr'>et</span> <span class='ocrx_word' id='word_1_166' title='bbox 162 2110 295 2141; x_wconf 89' lang='lat' dir='ltr'>nunc</span> <span class='ocrx_word' id='word_1_167' title='bbox 329 2102 488 2141; x_wconf 91' lang='lat' dir='ltr'>vestra</span> <span class='ocrx_word' id='word_1_168' title='bbox 522 2092 724 2155; x_wconf 91' lang='lat' dir='ltr'>quidem</span> <span class='ocrx_word' id='word_1_169' title='bbox 761 2102 994 2142; x_wconf 90' lang='lat' dir='ltr'>maneant</span> <span class='ocrx_word' id='word_1_170' title='bbox 1029 2092 1077 2141; x_wconf 92' lang='lat' dir='ltr'>in</span> <span class='ocrx_word' id='word_1_171' title='bbox 1116 2110 1238 2156; x_wconf 86' lang='lat' dir='ltr'>pace</span> <span class='ocrx_word' id='word_1_172' title='bbox 1274 2093 1441 2156; x_wconf 86' lang='lat' dir='ltr'>quieta</span> 
     </span>
    </p>

    <p class='ocr_par' dir='ltr' id='par_1_16' title="bbox 82 2172 1343 2233">
     <span class='ocr_line' id='line_1_26' title="bbox 82 2172 1343 2233; baseline -0.001 -10"><span class='ocrx_word' id='word_1_173' title='bbox 82 2173 290 2233; x_wconf 89' lang='lat' dir='ltr'>moenia,</span> <span class='ocrx_word' id='word_1_174' title='bbox 330 2190 422 2222; x_wconf 92' lang='lat' dir='ltr'>nec</span> <span class='ocrx_word' id='word_1_175' title='bbox 456 2172 597 2221; x_wconf 90' lang='lat' dir='ltr'>vobis</span> <span class='ocrx_word' id='word_1_176' title='bbox 634 2173 756 2221; x_wconf 92' lang='lat' dir='ltr'>tanti</span> <span class='ocrx_word' id='word_1_177' title='bbox 792 2172 884 2222; x_wconf 90' lang='lat' dir='ltr'>sim</span> <span class='ocrx_word' id='word_1_178' title='bbox 920 2190 1069 2222; x_wconf 88' lang='lat' dir='ltr'>causa</span> <span class='ocrx_word' id='word_1_179' title='bbox 1104 2176 1343 2222; x_wconf 91' lang='lat' dir='ltr'>tumultus</span> 
     </span>
    </p>

    <p class='ocr_par' dir='ltr' id='par_1_17' title="bbox 79 2252 1732 2398">
     <span class='ocr_line' id='line_1_27' title="bbox 80 2252 1628 2319; baseline 0.001 -17"><span class='ocrx_word' id='word_1_180' title='bbox 80 2255 259 2318; x_wconf 90' lang='lat' dir='ltr'>hospes</span> <span class='ocrx_word' id='word_1_181' title='bbox 293 2255 471 2302; x_wconf 89' lang='lat' dir='ltr'>adhuc.</span> <span class='ocrx_word' id='word_1_182' title='bbox 544 2253 646 2302; x_wconf 90' lang='lat' dir='ltr'>scio</span> <span class='ocrx_word' id='word_1_183' title='bbox 684 2252 798 2317; x_wconf 91' lang='lat' dir='ltr'>(nec</span> <span class='ocrx_word' id='word_1_184' title='bbox 835 2271 915 2303; x_wconf 92' lang='lat' dir='ltr'>me</span> <span class='ocrx_word' id='word_1_185' title='bbox 949 2256 1076 2304; x_wconf 89' lang='lat' dir='ltr'>adeo</span> <span class='ocrx_word' id='word_1_186' title='bbox 1112 2272 1187 2303; x_wconf 93' lang='lat' dir='ltr'>res</span> <span class='ocrx_word' id='word_1_187' title='bbox 1224 2257 1394 2304; x_wconf 89' lang='lat' dir='ltr'>dextra</span> <span class='ocrx_word' id='word_1_188' title='bbox 1429 2254 1628 2319; x_wconf 91' lang='lat' dir='ltr'>levavit)</span> 
     </span>
     <span class='ocr_line' id='line_1_28' title="bbox 79 2333 1732 2398; baseline 0.001 -16"><span class='ocrx_word' id='word_1_189' title='bbox 79 2351 227 2397; x_wconf 91' lang='lat' dir='ltr'>quam</span> <span class='ocrx_word' id='word_1_190' title='bbox 263 2335 440 2382; x_wconf 90' lang='lat' dir='ltr'>durum</span> <span class='ocrx_word' id='word_1_191' title='bbox 475 2333 618 2392; x_wconf 88' lang='lat' dir='ltr'>natiS,</span> <span class='ocrx_word' id='word_1_192' title='bbox 656 2335 874 2383; x_wconf 90' lang='lat' dir='ltr'>thalamo</span> <span class='ocrx_word' id='word_1_193' title='bbox 909 2351 1058 2398; x_wconf 91' lang='lat' dir='ltr'>quam</span> <span class='ocrx_word' id='word_1_194' title='bbox 1095 2335 1229 2384; x_wconf 90' lang='lat' dir='ltr'>triste</span> <span class='ocrx_word' id='word_1_195' title='bbox 1264 2335 1444 2395; x_wconf 91' lang='lat' dir='ltr'>revelli,</span> <span class='ocrx_word' id='word_1_196' title='bbox 1654 2354 1732 2396; x_wconf 81' lang='lat'>375</span> 
     </span>
    </p>
   </div>
   <div class='ocr_carea' id='block_1_3' title="bbox 29 2457 1750 2784">
    <p class='ocr_par' dir='ltr' id='par_1_18' title="bbox 29 2457 1750 2784">
     <span class='ocr_line' id='line_1_29' title="bbox 61 2457 1735 2513; baseline 0.002 -13"><span class='ocrx_word' id='word_1_197' title='bbox 61 2512 65 2513; x_wconf 21' lang='lat'><em>⁷</em></span> <span class='ocrx_word' id='word_1_198' title='bbox 131 2474 214 2511; x_wconf 88' lang='lat'>349</span> <span class='ocrx_word' id='word_1_199' title='bbox 239 2467 383 2500; x_wconf 89' lang='lat' dir='ltr'>auctor</span> <span class='ocrx_word' id='word_1_200' title='bbox 401 2459 528 2509; x_wconf 71' lang='lat' dir='ltr'>BQN</span> <span class='ocrx_word' id='word_1_201' title='bbox 693 2473 770 2510; x_wconf 87' lang='lat'>351</span> <span class='ocrx_word' id='word_1_202' title='bbox 794 2461 886 2500; x_wconf 85' lang='lat' dir='ltr'>iura</span> <span class='ocrx_word' id='word_1_203' title='bbox 904 2460 942 2499; x_wconf 93' lang='lat' dir='ltr'><em>L</em></span> <span class='ocrx_word' id='word_1_204' title='bbox 964 2461 1015 2512; x_wconf 73' lang='lat'>(3)</span> <span class='ocrx_word' id='word_1_205' title='bbox 1039 2461 1124 2501; x_wconf 89' lang='lat' dir='ltr'>coll.</span> <span class='ocrx_word' id='word_1_206' title='bbox 1147 2462 1254 2503; x_wconf 90' lang='lat' dir='ltr'>Aen.</span> <span class='ocrx_word' id='word_1_207' title='bbox 1277 2462 1304 2502; x_wconf 88' lang='lat' dir='ltr'>i.</span> <span class='ocrx_word' id='word_1_208' title='bbox 1331 2475 1421 2513; x_wconf 88' lang='lat'>731,</span> <span class='ocrx_word' id='word_1_209' title='bbox 1447 2457 1735 2503; x_wconf 76' lang='lat' dir='ltr'>Lindenbruch</span> 
     </span>
     <span class='ocr_line' id='line_1_30' title="bbox 77 2514 1735 2566; baseline 0.002 -13"><span class='ocrx_word' id='word_1_210' title='bbox 77 2528 97 2553; x_wconf 88' lang='lat' dir='ltr'>e</span> <span class='ocrx_word' id='word_1_211' title='bbox 113 2515 212 2563; x_wconf 87' lang='lat' dir='ltr'>cod.‚</span> <span class='ocrx_word' id='word_1_212' title='bbox 231 2514 517 2554; x_wconf 79' lang='lat' dir='ltr'>Drakenborch</span> <span class='ocrx_word' id='word_1_213' title='bbox 537 2514 623 2554; x_wconf 85' lang='lat' dir='ltr'>coll.</span> <span class='ocrx_word' id='word_1_214' title='bbox 649 2514 793 2565; x_wconf 84' lang='lat' dir='ltr'>Georg.</span> <span class='ocrx_word' id='word_1_215' title='bbox 811 2515 836 2555; x_wconf 93' lang='lat' dir='ltr'>i.</span> <span class='ocrx_word' id='word_1_216' title='bbox 858 2518 939 2565; x_wconf 88' lang='lat'>269</span> <span class='ocrx_word' id='word_1_217' title='bbox 958 2530 968 2555; x_wconf 93' lang='lat'><strong>:</strong></span> <span class='ocrx_word' id='word_1_218' title='bbox 997 2529 1097 2555; x_wconf 90' lang='lat' dir='ltr'>cura</span> <span class='ocrx_word' id='word_1_219' title='bbox 1115 2516 1226 2555; x_wconf 87' lang='lat' dir='ltr'>codd.</span> <span class='ocrx_word' id='word_1_220' title='bbox 1337 2529 1416 2566; x_wconf 87' lang='lat'>352</span> <span class='ocrx_word' id='word_1_221' title='bbox 1438 2518 1584 2556; x_wconf 89' lang='lat' dir='ltr'>avidos</span> <span class='ocrx_word' id='word_1_222' title='bbox 1604 2517 1735 2566; x_wconf 71' lang='lat' dir='ltr'>codd„</span> 
     </span>
     <span class='ocr_line' id='line_1_31' title="bbox 29 2567 1736 2620; baseline 0.004 -14"><span class='ocrx_word' id='word_1_223' title='bbox 29 2599 32 2602; x_wconf 21' lang='grc' dir='ltr'><strong>Α</strong></span> <span class='ocrx_word' id='word_1_224' title='bbox 77 2581 176 2608; x_wconf 85' lang='lat' dir='ltr'>corr.</span> <span class='ocrx_word' id='word_1_225' title='bbox 203 2568 444 2619; x_wconf 84' lang='lat' dir='ltr'>Wakefield:</span> <span class='ocrx_word' id='word_1_226' title='bbox 479 2569 671 2607; x_wconf 80' lang='lat' dir='ltr'>‘feroces</span> <span class='ocrx_word' id='word_1_227' title='bbox 691 2567 701 2584; x_wconf 85' lang='lat'>&#39;</span> <span class='ocrx_word' id='word_1_228' title='bbox 719 2569 841 2608; x_wconf 82' lang='lat' dir='ltr'>schol.</span> <span class='ocrx_word' id='word_1_229' title='bbox 870 2568 914 2606; x_wconf 92' lang='lat' dir='ltr'><em>D</em></span> <span class='ocrx_word' id='word_1_230' title='bbox 1024 2581 1102 2619; x_wconf 87' lang='lat'>357</span> <span class='ocrx_word' id='word_1_231' title='bbox 1124 2570 1354 2620; x_wconf 85' lang='lat' dir='ltr'>structique</span> <span class='ocrx_word' id='word_1_232' title='bbox 1374 2572 1416 2610; x_wconf 87' lang='lat' dir='ltr'>P</span> <span class='ocrx_word' id='word_1_233' title='bbox 1523 2573 1604 2620; x_wconf 86' lang='lat'>362</span> <span class='ocrx_word' id='word_1_234' title='bbox 1625 2585 1736 2612; x_wconf 91' lang='lat' dir='ltr'>nunc</span> 
     </span>
     <span class='ocr_line' id='line_1_32' title="bbox 75 2623 1733 2676; baseline 0.001 -14"><span class='ocrx_word' id='word_1_235' title='bbox 75 2635 200 2662; x_wconf 79' lang='lat' dir='ltr'>socer</span> <span class='ocrx_word' id='word_1_236' title='bbox 236 2623 339 2662; x_wconf 90' lang='lat' dir='ltr'>haec</span> <span class='ocrx_word' id='word_1_237' title='bbox 382 2623 481 2661; x_wconf 91' lang='lat' dir='ltr'>dum</span> <span class='ocrx_word' id='word_1_238' title='bbox 522 2635 605 2661; x_wconf 91' lang='lat' dir='ltr'>non</span> <span class='ocrx_word' id='word_1_239' title='bbox 648 2635 798 2662; x_wconf 87' lang='lat' dir='ltr'>manus</span> <span class='ocrx_word' id='word_1_240' title='bbox 830 2623 872 2661; x_wconf 85' lang='lat' dir='ltr'><em>P</em></span> <span class='ocrx_word' id='word_1_241' title='bbox 896 2623 1012 2674; x_wconf 88' lang='lat' dir='ltr'>quod</span> <span class='ocrx_word' id='word_1_242' title='bbox 1041 2624 1275 2663; x_wconf 79' lang='lat' dir='ltr'>dubitanter</span> <span class='ocrx_word' id='word_1_243' title='bbox 1304 2625 1429 2676; x_wconf 81' lang='lat' dir='ltr'>recepi</span> <span class='ocrx_word' id='word_1_244' title='bbox 1455 2624 1733 2676; x_wconf 19' lang='lat' dir='ltr'>(exci-dit=in</span> 
     </span>
     <span class='ocr_line' id='line_1_33' title="bbox 77 2677 1750 2729; baseline 0.002 -15"><span class='ocrx_word' id='word_1_245' title='bbox 77 2677 316 2722; x_wconf 82' lang='lat' dir='ltr'>oblivionem</span> <span class='ocrx_word' id='word_1_246' title='bbox 342 2677 498 2729; x_wconf 80' lang='lat' dir='ltr'>venit):</span> <span class='ocrx_word' id='word_1_247' title='bbox 528 2677 624 2714; x_wconf 92' lang='lat' dir='ltr'>dum</span> <span class='ocrx_word' id='word_1_248' title='bbox 655 2677 804 2727; x_wconf 89' lang='lat' dir='ltr'>capulo</span> <span class='ocrx_word' id='word_1_249' title='bbox 833 2678 1019 2716; x_wconf 88' lang='lat' dir='ltr'>nondum</span> <span class='ocrx_word' id='word_1_250' title='bbox 1050 2691 1201 2717; x_wconf 86' lang='lat' dir='ltr'>manus</span> <span class='ocrx_word' id='word_1_251' title='bbox 1226 2683 1335 2718; x_wconf 86' lang='lat' dir='ltr'>cett.:</span> <span class='ocrx_word' id='word_1_252' title='bbox 1369 2692 1426 2717; x_wconf 92' lang='lat' dir='ltr'>an</span> <span class='ocrx_word' id='word_1_253' title='bbox 1453 2680 1550 2717; x_wconf 92' lang='lat' dir='ltr'>dum</span> <span class='ocrx_word' id='word_1_254' title='bbox 1582 2680 1750 2729; x_wconf 79' lang='lat' dir='ltr'>capulo·</span> 
     </span>
     <span class='ocr_line' id='line_1_34' title="bbox 76 2731 1735 2784; baseline 0.001 -14"><span class='ocrx_word' id='word_1_255' title='bbox 76 2732 260 2770; x_wconf 86' lang='lat' dir='ltr'>nondum</span> <span class='ocrx_word' id='word_1_256' title='bbox 282 2732 388 2770; x_wconf 89' lang='lat' dir='ltr'>haec</span> <span class='ocrx_word' id='word_1_257' title='bbox 409 2732 586 2769; x_wconf 70' lang='lat' dir='ltr'>manus?</span> <span class='ocrx_word' id='word_1_258' title='bbox 629 2731 655 2769; x_wconf 88' lang='lat' dir='ltr'>i.</span> <span class='ocrx_word' id='word_1_259' title='bbox 672 2744 703 2770; x_wconf 88' lang='lat' dir='ltr'>e.</span> <span class='ocrx_word' id='word_1_260' title='bbox 725 2731 829 2769; x_wconf 87' lang='lat' dir='ltr'>dum</span> <span class='ocrx_word' id='word_1_261' title='bbox 854 2732 1094 2770; x_wconf 81' lang='lat' dir='ltr'>etiamnunc</span> <span class='ocrx_word' id='word_1_262' title='bbox 1115 2734 1157 2770; x_wconf 84' lang='lat' dir='ltr'>in</span> <span class='ocrx_word' id='word_1_263' title='bbox 1186 2733 1409 2771; x_wconf 84' lang='lat' dir='ltr'>manubrio</span> <span class='ocrx_word' id='word_1_264' title='bbox 1422 2733 1560 2784; x_wconf 81' lang='lat' dir='ltr'>gladii</span> <span class='ocrx_word' id='word_1_265' title='bbox 1576 2747 1735 2773; x_wconf 82' lang='lat' dir='ltr'>manus</span> 
     </span>
    </p>
   </div>
   <div class='ocr_carea' id='block_1_4' title="bbox 60 2785 1735 2943">
    <p class='ocr_par' dir='ltr' id='par_1_19' title="bbox 60 2785 1735 2943">
     <span class='ocr_line' id='line_1_35' title="bbox 83 2785 1735 2837; baseline 0.002 -14"><span class='ocrx_word' id='word_1_266' title='bbox 83 2797 186 2836; x_wconf 82' lang='lat' dir='ltr'>mea,</span> <span class='ocrx_word' id='word_1_267' title='bbox 205 2785 253 2834; x_wconf 75' lang='lat' dir='ltr'>cf.</span> <span class='ocrx_word' id='word_1_268' title='bbox 269 2785 322 2823; x_wconf 92' lang='lat' dir='ltr'>iv.</span> <span class='ocrx_word' id='word_1_269' title='bbox 339 2787 432 2834; x_wconf 87' lang='lat'><strong>558.</strong></span> <span class='ocrx_word' id='word_1_270' title='bbox 463 2785 607 2835; x_wconf 86' lang='lat' dir='ltr'>capulo</span> <span class='ocrx_word' id='word_1_271' title='bbox 624 2799 638 2823; x_wconf 90' lang='lat'>.·</span> <span class='ocrx_word' id='word_1_272' title='bbox 670 2785 858 2833; x_wconf 72' lang='lat' dir='ltr'>‘feretro’</span> <span class='ocrx_word' id='word_1_273' title='bbox 880 2786 1152 2836; x_wconf 77' lang='lat' dir='ltr'>interpretatio</span> <span class='ocrx_word' id='word_1_274' title='bbox 1164 2788 1350 2837; x_wconf 84' lang='lat' dir='ltr'>vulgaris</span> <span class='ocrx_word' id='word_1_275' title='bbox 1457 2788 1536 2836; x_wconf 90' lang='lat'>367</span> <span class='ocrx_word' id='word_1_276' title='bbox 1553 2789 1735 2827; x_wconf 83' lang='lat' dir='ltr'>occurrit</span> 
     </span>
     <span class='ocr_line' id='line_1_36' title="bbox 60 2837 1733 2891; baseline 0.003 -15"><span class='ocrx_word' id='word_1_277' title='bbox 60 2848 62 2850; x_wconf 75' lang='grc'>’</span> <span class='ocrx_word' id='word_1_278' title='bbox 225 2852 251 2877; x_wconf 95' lang='lat' dir='ltr'>o</span> <span class='ocrx_word' id='word_1_279' title='bbox 271 2851 352 2888; x_wconf 90' lang='lat' dir='ltr'>ego</span> <span class='ocrx_word' id='word_1_280' title='bbox 371 2839 433 2876; x_wconf 88' lang='lat' dir='ltr'>P:</span> <span class='ocrx_word' id='word_1_281' title='bbox 465 2852 518 2877; x_wconf 90' lang='lat' dir='ltr'>en</span> <span class='ocrx_word' id='word_1_282' title='bbox 539 2851 620 2888; x_wconf 88' lang='lat' dir='ltr'>ego</span> <span class='ocrx_word' id='word_1_283' title='bbox 640 2837 711 2877; x_wconf 70' lang='grc' dir='ltr'>ωδ</span> <span class='ocrx_word' id='word_1_284' title='bbox 844 2851 927 2888; x_wconf 88' lang='lat'>370</span> <span class='ocrx_word' id='word_1_285' title='bbox 954 2840 1037 2878; x_wconf 91' lang='lat' dir='ltr'>mei</span> <span class='ocrx_word' id='word_1_286' title='bbox 1065 2840 1130 2879; x_wconf 89' lang='lat' dir='ltr'>P:</span> <span class='ocrx_word' id='word_1_287' title='bbox 1159 2841 1288 2879; x_wconf 88' lang='lat' dir='ltr'>dabas</span> <span class='ocrx_word' id='word_1_288' title='bbox 1316 2840 1384 2879; x_wconf 72' lang='grc' dir='ltr'>ωδ</span> <span class='ocrx_word' id='word_1_289' title='bbox 1511 2854 1589 2891; x_wconf 88' lang='lat'>371</span> <span class='ocrx_word' id='word_1_290' title='bbox 1612 2842 1733 2882; x_wconf 86' lang='lat' dir='ltr'>fratri</span> 
     </span>
     <span class='ocr_line' id='line_1_37' title="bbox 75 2892 1549 2943; baseline 0.003 -13"><span class='ocrx_word' id='word_1_291' title='bbox 75 2892 234 2932; x_wconf 86' lang='lat' dir='ltr'>facinus</span> <span class='ocrx_word' id='word_1_292' title='bbox 254 2893 293 2931; x_wconf 87' lang='grc' dir='ltr'><em>Ρ</em></span> <span class='ocrx_word' id='word_1_293' title='bbox 310 2907 319 2932; x_wconf 87' lang='lat'>:</span> <span class='ocrx_word' id='word_1_294' title='bbox 349 2892 510 2932; x_wconf 85' lang='lat' dir='ltr'>facinus</span> <span class='ocrx_word' id='word_1_295' title='bbox 528 2892 644 2932; x_wconf 88' lang='lat' dir='ltr'>fratri</span> <span class='ocrx_word' id='word_1_296' title='bbox 665 2892 735 2933; x_wconf 70' lang='lat' dir='ltr'>ms</span> <span class='ocrx_word' id='word_1_297' title='bbox 894 2906 975 2943; x_wconf 85' lang='lat'>372</span> <span class='ocrx_word' id='word_1_298' title='bbox 1003 2894 1143 2943; x_wconf 89' lang='lat' dir='ltr'>quieta</span> <span class='ocrx_word' id='word_1_299' title='bbox 1162 2895 1243 2933; x_wconf 86' lang='lat' dir='ltr'>PA</span> <span class='ocrx_word' id='word_1_300' title='bbox 1267 2908 1277 2933; x_wconf 72' lang='grc' dir='ltr'><strong><em>ε</em></strong></span> <span class='ocrx_word' id='word_1_301' title='bbox 1307 2907 1460 2934; x_wconf 86' lang='lat' dir='ltr'>serena</span> <span class='ocrx_word' id='word_1_302' title='bbox 1480 2896 1549 2935; x_wconf 71' lang='lat' dir='ltr'>ms</span> 
     </span>
    </p>
   </div>
   <div class='ocr_carea' id='block_1_5' title="bbox 128 2951 1621 2988">
    <p class='ocr_par' dir='ltr' id='par_1_20' title="bbox 128 2951 1621 2988">
     <span class='ocr_line' id='line_1_38' title="bbox 128 2951 1621 2988; baseline 0.013 -4"><span class='ocrx_word' id='word_1_303' title='bbox 128 2957 243 2986; x_wconf 75' lang='lat' dir='ltr'>STAT.</span> <span class='ocrx_word' id='word_1_304' title='bbox 265 2959 395 2987; x_wconf 75' lang='lat' dir='ltr'>THEB.</span> <span class='ocrx_word' id='word_1_305' title='bbox 1595 2951 1621 2988; x_wconf 85' lang='lat'>5</span> 
     </span>
    </p>
   </div>
  </div>
 </body>
</html>
