1884 3204
1006 72 1416 125 THEBAIDOS
1453 74 1667 122 LIBER
1707 74 1790 122 ΙΙΙ

142 213 226 279 qui
259 221 429 263 contra
462 210 732 274 quantique
767 212 931 269 duces,
972 209 1057 258 ubi
1093 209 1333 258 maximus
1368 209 1437 258 illi

79 319 82 329 ·
141 295 301 354 sudor,
339 301 388 341 et
422 290 606 340 indicio
641 300 884 340 servatum
923 292 1139 338 Maeona
1174 289 1296 338 tristi

74 385 79 390 “
141 373 350 439 exponit.
422 372 502 421 cui
537 373 636 420 fida
672 388 846 420 manus
882 387 1208 435 proceresque
1243 387 1481 434 socerque
1706 391 1786 431 405

55 493 61 499 .
138 463 331 518 astupet
365 453 536 512 oranti,
575 452 849 515 Tyriusque
885 451 1164 501 incenditur
1198 454 1346 500 exsul.

203 537 419 586 Solverat
454 531 686 597 Hesperii
720 535 907 583 devexo
943 531 1162 596 margine
1195 532 1339 595 ponti·

69 633 75 638 ⁴
137 615 376 680 flagrantis
411 616 496 664 Sol
530 624 714 677 pronus
750 630 904 676 equos
939 613 1233 676 rutilamque
1268 613 1463 661 lavabat

50 691 51 694 Ἴ
84 716 107 732 2
136 694 322 747 Oceani
356 695 450 743 sub
483 696 620 743 fonte
655 710 864 754 comam,
903 693 983 742 cui
1017 694 1162 742 turba
1194 692 1428 756 profundi

136 777 322 826 Nereos
358 785 405 824 et
439 775 620 839 rapidis
654 784 914 824 accurrunt
948 774 1174 838 passibus
1212 776 1395 833 Horae,
1706 792 1787 833 410

86 873 90 876 ·
131 858 364 919 frenaque
399 866 448 906 et
481 866 678 905 auratae
713 866 899 905 textum
935 855 1146 904 sublime
1180 871 1393 904 coronae

131 937 392 1001 deripiunt,
429 940 592 986 laxant
626 937 797 987 calidis
833 936 1052 986 umentia
1086 935 1200 985 loris

0 1002 5 1054 ἶ
59 1078 66 1086 2
132 1027 364 1083 pectora3
410 1035 520 1082 pars
555 1019 754 1068 meritos
789 1027 985 1067 vertunt
1018 1019 1083 1067 ad
1119 1019 1269 1066 molle
1303 1015 1475 1079 iugalis

130 1116 330 1163 gramen
363 1109 414 1148 et
450 1109 613 1149 erecto
648 1116 843 1148 currum
878 1108 1079 1148 temone
1114 1098 1359 1161 supinant.

131 1196 228 1229 nox
263 1179 413 1229 subiit
448 1197 688 1243 curasque
724 1179 983 1229 hominum
1020 1188 1284 1242 motusque
1318 1179 1529 1228 ferarum
1704 1198 1783 1238 415

131 1261 410 1324 composuit
444 1261 682 1324 nigroque
717 1263 860 1325 polos
895 1260 1099 1310 involvit
1133 1259 1335 1320 amictu,

128 1341 210 1390 illa
243 1341 444 1405 quidem
480 1341 684 1402 cunctis,
722 1343 810 1390 sed
845 1358 947 1390 non
982 1340 1071 1390 tibi
1107 1340 1251 1399 mitis,
1290 1341 1515 1399 Adraste‚

129 1422 482 1486 Labdacioque
516 1422 662 1471 duci:
708 1439 824 1470 nam
859 1423 1032 1484 Tydea
1066 1423 1226 1484 largus
1261 1420 1478 1469 habebat

130 1505 379 1568 perfusum
414 1520 593 1567 magna
626 1503 815 1552 virtutis
850 1502 1064 1566 imagine
1089 1518 1306 1551 somnus.

126 1593 176 1634 et
209 1583 307 1633 iam
342 1584 623 1648 noctivagas
656 1584 783 1633 inter
817 1586 940 1633 deus
974 1582 1169 1632 armifer
1203 1583 1403 1631 umbras
1696 1602 1782 1641 420

125 1666 335 1729 desuper
367 1665 610 1715 Arcadiae
644 1665 754 1714 finis
790 1667 1140 1727 Nemeaeaque
1171 1680 1283 1712 rura

125 1746 521 1810 Taenariumque
555 1732 795 1795 cacumen
830 1745 1216 1810 Apollineasque
1251 1745 1540 1807 Therapnas

124 1843 370 1876 armorum
406 1827 588 1877 tonitru
623 1827 732 1876 ferit
768 1836 816 1876 et
850 1825 1146 1890 trepidantia
1179 1826 1331 1874 corda

123 1906 295 1971 implet
327 1925 495 1957 amore
530 1908 617 1957 sui.
691 1916 895 1957 comunt
930 1910 1086 1956 Furor
1120 1909 1299 1969 Iraque
1339 1905 1522 1965 cristas,

125 1989 262 2038 frena
296 1988 537 2037 ministrat
573 1989 713 2052 equis
748 1991 906 2037 Pavor
940 1987 1159 2050 armiger.
1231 1995 1282 2036 at
1316 1986 1430 2050 vigil
1466 1986 1604 2035 omni
1695 2008 1747 2047 42
1754 2007 1775 2046 5

120 2070 280 2118 'Fama
314 2086 438 2118 sono
473 2086 626 2118 vanos
661 2085 822 2117 rerum
859 2067 1110 2117 succincta
1144 2069 1383 2116 tumultus

123 2159 239 2198 ante
272 2151 404 2198 volat
439 2167 633 2198 currum
668 2152 886 2213 flatuque
921 2148 1131 2212 impulsa
1164 2157 1450 2211 gementum

121 2230 372 2294 alipedum
406 2230 620 2294 trepidas
655 2232 811 2279 denso
847 2247 960 2279 cum
996 2245 1244 2278 murmure
1278 2231 1471 2292 plumas

123 2304 336 2359 excutit:
384 2320 522 2373 urget
556 2310 689 2359 enim
725 2310 932 2367 stimulis
967 2310 1134 2373 auriga
1165 2309 1381 2359 cruentis

122 2392 250 2440 facta
283 2391 464 2440 infecta
498 2391 648 2455 loqui,
685 2408 929 2454 curruque
963 2390 1170 2440 infestus
1205 2391 1270 2441 ab
1304 2392 1405 2439 alto
1689 2412 1772 2451 430

54 2482 58 2484 ’
118 2482 251 2536 terga
282 2488 580 2535 comamque
615 2474 738 2521 deae
773 2471 1001 2536 Scythica
1034 2481 1172 2535 pater
1205 2471 1425 2536 increpat
1459 2474 1612 2521 hasta.

172 2614 252 2650 412
281 2602 494 2651 deripiunt
513 2601 657 2651 DQ&
669 2602 702 2653 3)
723 2617 732 2640 :
761 2602 963 2651 diripiunt
983 2600 1069 2640 ΡΝ
1129 2601 1313 2640 deiciunt
1337 2601 1406 2652 (al.
1432 2614 1490 2641 m.
1511 2601 1768 2652 †deripiunt)

103 2654 162 2693 VK
263 2656 408 2695 calidis
427 2655 487 2695 P:
517 2656 651 2694 roseis
671 2656 740 2695 ωδ
820 2656 1044 2706 laxantque
1064 2656 1170 2694 aliae
1192 2656 1394 2694 sumentia
1413 2655 1589 2695 Mueller
1604 2659 1774 2706 propter

114 2709 333 2758 asyndeton
508 2722 585 2759 417
617 2710 728 2749 mitis
750 2724 832 2749 om.
850 2710 893 2748 P
1050 2722 1132 2758 420
1159 2709 1406 2758 armigerK
1566 2722 1646 2759 423
1675 2709 1771 2748 ferit

114 2763 223 2803 Pon-S
242 2763 304 2815 (in
324 2776 404 2802 ras.
423 2763 509 2802 RK
521 2777 532 2801 z
566 2764 705 2802 fremit
725 2765 778 2802 al.
798 2777 853 2802 m.
874 2763 967 2815 ΡΞ)
1135 2765 1215 2813 426
1243 2776 1379 2802 vanos
1398 2763 1440 2802 P
1456 2763 1739 2803 Drakenborch
1759 2778 1769 2802 ε

114 2817 251 2856 varios
270 2821 354 2858 cett.
495 2831 570 2867 431
595 2830 839 2867 comamque
858 2817 923 2857 P:
953 2830 1177 2867 comasque
1197 2817 1266 2856 ωδ

1602 2873 1657 2910 5*
