1884 3204
0 2523 2 2555 l

0 2686 2 2744 l

932 59 1344 109 THEBAIDOS
1381 60 1595 107 LIBER
1631 61 1734 107 VII

91 201 400 262 Oenomaum
437 212 524 245 sua
559 195 671 244 Pisa
706 197 849 244 refert
865 213 879 257 ;
925 198 1186 245 Acheloon
1222 205 1431 259 utroque

90 281 358 331 deformem
393 294 544 327 cornu
579 293 728 340 vagus
764 276 1032 326 infamabat
1067 280 1309 326 Acarnan.

0 371 6 429 ζ
68 347 291 410 ¹Perseos
326 357 532 422 effigiem
569 366 806 406 maestam
843 366 1143 420 exorantque
1180 360 1424 420 Mycenae

89 440 346 491 confusum
382 437 588 486 Iunonis
623 437 773 498 ebur3
821 437 1006 500 mugire
1041 446 1295 500 potentem

90 520 311 571 Inachon
346 517 597 582 agricolae,
636 517 819 581 gemini
854 516 999 566 maris
1036 516 1199 566 incola
1234 527 1395 567 narrat
1656 539 1738 579 420

0 577 5 676 ζ
62 599 382 664 <Thebanum
418 607 523 648 toto
556 597 800 662 planxisse
836 600 1134 647 Palaemona
1168 606 1338 660 ponto'.

0 709 2 718 =
87 680 208 730 haec
241 678 378 728 audit
414 680 627 741 Pelopea
661 679 886 742 phalanx,
927 680 1014 727 sed
1050 678 1255 727 bellicus
1290 680 1436 728 ardor

0 765 2 828 ζ
87 755 299 810 Consiliis
334 758 495 807 obstat
531 757 698 808 divum
735 758 1063 823 prohibetque
1099 758 1271 807 timeri.

154 840 260 888 Iam
296 838 437 902 ripas,
475 841 657 903 Asope,
695 848 803 888 tuas
842 842 1130 903 Boeotaque
1166 848 1368 888 ventum
1569 818 1634 879 Co(
1648 866 1652 873 .
1711 825 1881 906 ltomss

85 918 287 968 flumina
306 938 318 980 3
366 936 467 968 non
502 936 650 968 ausae
684 920 1010 969 transmittere
1044 919 1267 983 protinus
1302 921 1408 968 alae
1656 938 1736 979 425
1776 946 1848 990 lfa(

0 986 2 1042 ἱ
84 998 310 1049 hostilem
347 999 584 1061 fluvium3
629 1002 752 1050 forte
787 1010 835 1049 et
870 1000 1228 1064 trepidantibus
1263 1000 1435 1064 ingens
1803 997 1832 1002 “’

0 1078 1 1129 J
61 1080 418 1130 descendebat
452 1080 593 1145 agris,
627 1080 819 1130 animos
856 1081 956 1130 sive
991 1081 1208 1130 imbrifer
1243 1098 1395 1141 arcus,

0 1158 2 1207 ἶ
85 1175 171 1209 seu
207 1169 442 1209 montana
475 1161 612 1210 dedit
647 1162 818 1221 nubeS,
859 1178 944 1210 seu
980 1161 1195 1210 fluminis
1231 1161 1314 1210 illa

86 1256 223 1289 mens
258 1240 348 1289 fuit
382 1240 704 1304 obiectusque
739 1243 868 1290 vado
903 1251 1040 1305 pater
1074 1259 1210 1290 arma
1245 1242 1457 1291 vetabat.

84 1330 201 1370 tunc
235 1322 364 1370 ferus
401 1321 761 1385 Hippomedon
799 1339 979 1385 magno
1015 1340 1128 1371 curn
1165 1322 1403 1386 fragmine
1438 1322 1573 1386 ripae
1652 1341 1738 1382 430

83 1410 394 1451 cunctantem
431 1401 610 1450 deiecit
643 1419 841 1465 equum,
880 1403 1189 1466 ducibusque
1224 1403 1402 1452 relictis

83 1481 268 1546 gurgite
303 1483 366 1531 de
401 1481 567 1530 medio
602 1481 748 1530 frenis
785 1499 1051 1545 suspensus
1088 1492 1137 1532 et
1170 1482 1317 1532 armis

88 1563 191 1612 ‘Ite
225 1561 342 1621 viri,'
376 1563 555 1611 clamat
594 1561 692 1611 ‘sic
727 1579 815 1611 vos
851 1562 902 1610 in
939 1563 1135 1612 moenia
1170 1564 1355 1627 primus

84 1644 276 1703 ducere,
314 1641 383 1691 sic
418 1644 606 1692 clausas
642 1660 799 1692 voveo
834 1645 1129 1707 perfringere
1165 1645 1397 1694 Thebas?

82 1722 401 1790 praecipitant
436 1723 600 1773 cuncti
635 1725 785 1774 fluvio
820 1725 1096 1789 puduitque
1133 1735 1343 1775 secutos,
1655 1747 1734 1790 435

79 1820 141 1853 ac
173 1806 306 1853 velut
341 1803 562 1867 ignotum
598 1804 638 1853 si
674 1808 874 1869 quando
910 1815 1131 1855 armenta
1166 1824 1252 1870 per
1286 1824 1484 1856 amnem

23 1891 27 1894 ’
83 1894 247 1949 pastor
280 1884 391 1947 agit,
430 1894 524 1934 stat
559 1885 694 1934 triste
728 1902 894 1948 pecus,
932 1889 1103 1949 procul
1139 1890 1289 1936 altera
1323 1890 1468 1936 tellus

84 1963 314 2014 omnibus
349 1974 398 2014 et
431 1967 528 2014 late
563 1965 757 2014 medius
794 1966 970 2016 timor:
1018 1977 1092 2016 ast
1128 1968 1214 2016 ubi
1250 1970 1426 2017 ductor

83 2054 248 2093 taurus
283 2044 373 2093 init
407 2045 621 2109 fecitque
656 2047 853 2106 vadum,
891 2056 1010 2096 tune
1046 2048 1240 2097 mollior
1275 2050 1422 2108 unda,

84 2133 201 2173 tunc
235 2125 401 2174 faciles
437 2128 586 2174 saltus
620 2125 851 2190 visaeque
885 2130 1120 2177 accedere
1157 2128 1303 2193 ripae.
1656 2152 1736 2192 440

151 2205 306 2254 Haud
340 2207 510 2269 procul
544 2205 661 2256 inde
696 2206 863 2270 iugum
900 2208 1115 2272 tutisque
1150 2211 1477 2260 accommoda
1512 2209 1773 2261 castrisfv(
1825 2191 1884 2250 Α(

83 2301 196 2333 arva
230 2294 420 2346 notant,
455 2288 589 2335 unde
625 2287 797 2336 urbem
835 2287 981 2336 etiam
1018 2288 1260 2353 turrisque
1295 2290 1462 2341 videre
1726 2288 1884 2343 {¹:155

84 2363 345 2426 Sidonias;
390 2366 572 2429 placuit
606 2369 748 2416 sedes
783 2368 968 2431 fidique
1003 2379 1239 2434 receptus,

66 2446 208 2511 ,colle
242 2463 328 2510 per
362 2449 608 2496 excelsum
643 2451 824 2511 patulo,
864 2466 1013 2512 quem
1049 2451 1217 2500 subter
1251 2462 1421 2516 aperto

135 2587 214 2623 417
242 2574 492 2615 informabat
511 2588 663 2615 acarna
683 2576 722 2626 Q
830 2578 909 2627 418
938 2585 1100 2617 moesta
1118 2579 1166 2617 N
1238 2586 1554 2632 memorantque
1574 2582 1737 2633 Benthy

83 2639 159 2677 427
188 2641 244 2667 an
264 2632 440 2669 auctus?
578 2631 659 2679 428
688 2632 807 2670 tabes
828 2644 904 2671 seu
925 2633 1105 2672 numinis
1125 2633 1277 2674 Markl.
1379 2649 1436 2675 an
1457 2637 1662 2678 flaminis?
1684 2639 1729 2688 qs.

83 2682 196 2722 Lact.
231 2681 290 2721 ad
315 2683 383 2722 loc.
407 2697 416 2722 ι
455 2683 529 2722 ubi
550 2685 708 2724 ‘ventis
738 2686 1009 2725 adscribitur⁷
1037 2687 1180 2738 (deleto
1208 2688 1483 2741 Argivorum)
1518 2687 1733 2742 legendum

0 2751 1 2790 ᾖ
75 2740 194 2787 puto,
215 2737 262 2786 cf.
293 2737 349 2776 ix.
372 2749 452 2786 405
698 2753 776 2789 434
805 2740 941 2779 clusas
960 2741 1002 2779 P
1242 2757 1317 2793 441
1350 2745 1517 2797 castris]
1540 2746 1671 2784 sacris
1690 2746 1737 2784 D

0 2794 2 2826 ἒ
83 2802 162 2839 442
186 2790 330 2829 videre
350 2790 432 2830 ,ΞΝ
444 2805 454 2830 z
482 2793 614 2831 videri
637 2793 682 2844 (e
702 2801 795 2846 sup.
817 2793 829 2831 i
838 2795 921 2845 fin,
942 2796 1026 2836 ead.
1050 2797 1125 2849 m)
1147 2796 1217 2837 D:
1255 2798 1387 2837 videri
1405 2798 1513 2839 PB:
1540 2799 1733 2840 viderent

85 2845 192 2894 (·ent
211 2844 254 2884 in
274 2857 355 2885 ras,
375 2845 455 2896 ρ’)
478 2846 571 2897 ΩΑ,
592 2847 726 2887 Barth
