1884 3204
758 22 1165 106 PRAEFATIO

126 192 262 242 credi
318 193 482 256 potest
538 191 765 242 codicem
823 192 910 257 qui
966 192 1112 242 toties
1171 209 1287 242 cum
1345 192 1453 242 solo
1505 186 1790 243 Puteaneo¹
1817 182 1838 218 J

126 272 374 323 consentit
398 289 672 336 numquam
697 289 862 322 veram
887 273 1167 333 lectionem,
1184 290 1214 322 a
1238 275 1492 323 Puteaneo
1516 271 1799 336 ceterisque.
1813 259 1838 339 3*

124 352 374 414 amissam,
415 355 672 402 servasse?
738 355 807 402 At
841 354 939 402 hoc
978 370 1072 403 nos
1109 354 1309 402 credere
1348 354 1522 402 volunt
1558 352 1786 404 editores.

124 434 224 482 Sed
256 434 538 482 notandum
570 442 644 482 est
668 435 760 483 hos
795 433 1009 483 editores
1033 450 1120 497 per
1148 433 1503 483 Schenkelios²
1535 434 1599 482 de
1629 433 1835 497 pretio

124 523 173 562 et
215 515 496 563 charactere
535 513 723 563 codicis
759 516 815 562 E
854 513 1033 563 mirum
1062 522 1304 577 quantum
1345 515 1583 576 deceptos
1619 511 1783 567 fuisse.
1807 530 1821 581 ‘3

124 593 330 657 Saepius
382 591 515 643 enim
575 595 792 643 Schenkl
838 593 961 658 (sive
1009 593 1259 643 Henricus
1311 610 1399 643 seu
1446 593 1677 658 Carolus)
1721 595 1833 648 de

122 674 418 723 lectionibus
455 677 511 723 E
547 674 783 723 mentitus
815 683 890 724 est
927 691 1078 738 quam
1118 691 1232 723 vere
1271 676 1480 724 locutus.
1554 675 1708 735 Quod
1744 674 1786 724 si
1817 678 1829 713 J

123 756 322 804 credere
357 755 569 813 dubitas,
605 756 828 803 conferas
862 754 927 803 sis
963 763 1106 803 notas
1130 743 1266 803 meas
1293 754 1412 803 adi.
1448 758 1494 815 8,
1533 771 1640 817 109,
1673 771 1781 818 123,

123 850 234 898 317,
263 850 374 898 374,
405 852 519 896 409,
547 848 658 897 425,
686 851 799 897 434,
827 848 940 898 435,
968 848 1080 895 471,
1110 848 1222 897 513,
1249 837 1360 913 648,
1388 838 1499 898 651,
1531 837 1640 897 761,
1669 836 1781 897 811,
1815 890 1825 914 „

121 918 234 974 812,
262 918 377 978 891,
402 932 515 977 941
543 928 672 977 9453
706 913 753 963 ii
783 931 860 977 30,
890 928 968 978 35,
996 917 1074 974 88,
1108 931 1215 975 102,
1247 928 1356 977 135-

175 1043 188 1065 ¹
219 1043 356 1082 Etiam
392 1042 460 1081 in
475 1042 662 1081 minimis
701 1041 827 1081 rebus
865 1042 978 1082 idem
1015 1054 1249 1083 consensus
1287 1042 1405 1082 cuius
1443 1043 1550 1083 haec
1585 1055 1709 1083 exem
1711 1042 1782 1098 pla
1810 1047 1820 1094 ἴ

117 1110 338 1147 apponere
368 1097 495 1135 licet:
523 1098 550 1135 i.
572 1098 652 1146 385
689 1096 998 1136 commissimus
1031 1096 1113 1135 PE
1300 1109 1377 1146 511
1408 1097 1574 1136 violare
1597 1096 1664 1136 P:
1691 1096 1780 1137 vio—
1811 1111 1829 1139 3-

119 1152 262 1190 lavere
296 1154 362 1202 (re
394 1150 491 1190 add.
527 1149 602 1203 E2)
636 1149 678 1188 E
855 1162 935 1201 543
965 1155 1090 1201 pecto
1121 1150 1185 1190 P:
1214 1156 1330 1200 pect3
1364 1151 1453 1204 (sic)
1482 1151 1524 1190 E
1698 1153 1782 1192 666

117 1218 293 1245 acervas
322 1204 403 1243 PE
595 1217 671 1255 717
702 1204 891 1290 priamoh
894 1204 1118 1255 phrigibus
1149 1204 1230 1243 PE
1403 1216 1481 1255 735
1510 1204 1682 1255 gravius
1712 1205 1789 1246 P:
1814 1208 1822 1239 ι’

119 1301 232 1349 grais
251 1300 293 1338 E
397 1299 506 1339 imus
525 1299 606 1339 PE
747 1301 829 1339 818
857 1301 945 1351 itaq
941 1269 1028 1340 ⁰:1³
1055 1300 1166 1387 irtaco
1185 1299 1228 1339 E
1368 1300 1411 1341 ii.
1433 1301 1487 1340 88
1515 1300 1779 1354 accendente

115 1399 196 1438 PE
354 1410 409 1449 95
438 1398 724 1450 propriorque
745 1399 825 1439 PE
989 1366 1077 1449 149
1077 1366 1260 1437 efen-ebat
1279 1394 1347 1435 P:
1376 1395 1540 1442 ferebat
1559 1394 1602 1434 E
1820 1378 1831 1382 Ι

172 1538 188 1560 ²
215 1537 366 1577 Studia
389 1535 560 1576 Vindob.
589 1536 706 1576 1882.
