1884 3204
963 80 1372 130 THEBAIDOS
1411 82 1626 129 LIBER
1660 83 1706 127 V

63 220 168 284 ipsa
202 233 398 282 quoque
431 218 619 266 arcanis
655 215 771 265 tecti
805 216 855 264 in
890 215 1221 280 penetralibus
1256 217 1357 264 alto

63 299 236 350 molior
268 297 379 361 igne
412 313 594 360 pyram,
632 305 875 359 sceptrum
913 312 1059 359 super
1091 312 1325 359 armaque
1359 296 1507 359 patris

53 366 209 431 >inicio
243 387 291 428 et
326 386 466 426 notas
502 393 670 440 regum
705 376 948 425 velamina
982 375 1143 435 vestis,
1627 397 1707 438 315

61 475 120 510 ac
152 474 304 523 prope
339 466 524 506 maesta
558 473 729 520 rogum
765 456 982 506 confusis
1017 456 1212 520 ignibus
1247 466 1355 506 asto

13 551 15 553 ’
61 555 177 591 ense
211 547 476 598 cruentato,
515 540 836 602 fraudemque
872 548 921 588 et
956 538 1121 587 inania
1154 540 1300 588 busta

0 623 1 626 ’
0 622 237 702 plango
271 628 419 679 metu,
458 618 498 667 si
532 621 655 668 forte
690 628 927 683 premant,
967 635 1260 683 cassumque
1295 610 1485 683 parenti
1557 618 1560 622 ’

0 718 1 767 3
60 717 206 752 omen
242 709 290 749 et
325 701 417 749 hac
452 699 632 749 dubios
667 700 751 749 leti
786 717 966 763 precor·
992 700 1060 749 ire
1096 699 1309 750 timores.

0 775 1 800 ³
61 774 136 832 his
171 780 291 830 mihi
325 797 414 844 pro
450 780 632 830 meritis
668 790 723 830 ut
757 781 864 829 falsi
900 780 1115 830 criminis
1150 790 1259 830 astu
1630 802 1709 842 320

58 871 194 928 parta
228 862 364 920 fides,
402 878 553 924 regno
589 870 637 910 et
673 861 796 911 solio
832 861 1088 911 considere
1123 862 1272 926 patris

60 941 352 1006 supplicium
388 943 543 991 datur.
615 959 745 991 anne
779 942 872 990 illis
909 942 1110 991 obsessa
1145 946 1414 1006 negarem?

58 1022 254 1081 accessi,
293 1039 440 1086 saepe
474 1032 589 1072 ante
623 1024 744 1072 deos
779 1032 955 1072 testata
989 1025 1240 1087 fidemque

60 1102 427 1166 immeritasque
462 1120 671 1165 manus-3
707 1105 863 1153 subeo
900 1104 1008 1168 (pro
1043 1104 1148 1154 dira
1182 1114 1398 1168 potestas
1419 1105 1453 1171 Ξ)

60 1200 303 1247 exsangue
326 1183 586 1247 imperium
611 1194 660 1234 et
685 1194 922 1234 maestam
954 1184 1060 1234 sine
1088 1185 1299 1249 coniuge
1329 1188 1571 1235 Lemnon.
1629 1206 1676 1246 32
1685 1207 1707 1247 5

58 1264 157 1315 iam
193 1264 346 1328 magis
380 1274 530 1328 atque
566 1265 720 1328 magis
755 1265 923 1329 vigiles
959 1268 1102 1315 dolor
1135 1283 1314 1330 angere
1350 1283 1535 1327 sensus,

59 1354 108 1395 et
140 1345 349 1408 gemitus
385 1345 514 1405 clari,
553 1354 602 1394 et
636 1346 871 1409 paulatim
906 1346 1062 1394 invisa
1097 1349 1297 1409 Polyxo,

58 1425 158 1475 iam
191 1424 473 1474 meminisse
507 1427 658 1486 nefas,
696 1426 794 1474 iam
828 1443 1013 1490 ponere
1048 1426 1277 1476 manibus
1311 1444 1418 1476 aras

59 1522 348 1557 concessum
384 1514 433 1555 et
467 1508 678 1555 multum
713 1506 900 1556 cineres
934 1507 1091 1556 iurare
1126 1510 1358 1571 sepultos.

60 1587 131 1637 sic
165 1586 250 1636 ubi
285 1587 541 1636 ductorem
577 1586 796 1651 trepidae
832 1588 1111 1651 stabulique
1146 1589 1390 1650 maritum,
1631 1610 1711 1650 330

59 1684 207 1732 quem
243 1684 394 1731 penes
429 1677 478 1717 et
513 1670 662 1717 saltus
698 1678 747 1717 et
780 1670 978 1718 adultae
1012 1669 1164 1733 gloria
1197 1670 1371 1734 gentis,

60 1750 278 1812 Massylo
311 1748 466 1812 frangi
490 1752 730 1812 ‘stupuere
755 1750 858 1799 'sub
893 1751 1035 1799 hoste
1070 1750 1320 1811 iuvencae,

58 1829 96 1879 it
130 1838 358 1878 truncum
393 1829 499 1878 sine
533 1831 721 1879 honore
756 1848 921 1894 pecus,
958 1848 1222 1895 regemque
1257 1841 1569 1896 peremptum

24 1910 29 1914 ’
59 1909 164 1974 ipse
197 1926 323 1973 ager,
360 1909 454 1973 ipsi
487 1927 658 1959 amnes
695 1920 743 1960 et
777 1920 914 1960 muta
946 1922 1168 1961 armenta
1202 1922 1484 1975 queruntur.

61 2007 177 2040 ecce
211 1999 377 2039 autem
411 2000 574 2040 aerata
608 1991 874 2055 dispellens
910 2009 1124 2056 aequora
1158 2010 1301 2057 prora
1630 2014 1710 2056 335

60 2070 219 2120 Pelias
253 2070 423 2120 intacti
456 2073 553 2120 late
587 2071 719 2120 subit
753 2072 948 2135 hospita
981 2073 1122 2136 ponti

61 2151 240 2216 pinus,
277 2161 428 2215 agunt
464 2151 679 2216 Minyae,
716 2153 940 2216 geminus
975 2155 1134 2218 fragor
1166 2156 1320 2204 ardua
1354 2164 1498 2204 canet

61 2249 148 2296 per
180 2234 343 2292 latera,
380 2232 639 2296 abruptam
674 2235 844 2282 credas
879 2234 1125 2283 radicibus
1161 2235 1230 2284 ire
1282 2223 1284 2225 ¹

62 2312 314 2376 Ortygiam
349 2322 433 2362 aut
467 2315 671 2363 fractum
709 2317 883 2378 pelago
919 2317 1175 2365 decurrere
1211 2326 1446 2366 montem.
1489 2303 1495 2308 ⁵

61 2402 136 2443 ast
170 2393 256 2443 ubi
291 2394 540 2457 suspensis
575 2394 812 2444 siluerunt
845 2412 1060 2459 aequora
1095 2396 1263 2457 tonsis,
1634 2419 1713 2459 340

61 2473 225 2530 mitior
258 2483 307 2523 et
342 2474 542 2523 senibus
578 2475 745 2539 cygnis
781 2485 830 2525 et
865 2476 1060 2540 pectine
1096 2477 1288 2526 Phoebi

44 2616 46 2619 ·
113 2613 193 2652 315
220 2602 428 2642 velamina
454 2603 524 2643 P:
557 2604 793 2654 gestamina
820 2603 889 2644 ωδ
994 2606 1074 2654 316
1108 2605 1326 2645 concessis
1349 2604 1412 2642 Α2
1531 2605 1712 2645 crinibus

58 2656 175 2696 schol.
202 2656 309 2696 Gud.
329 2657 579 2697 Lachmann
682 2659 870 2698 contusis
890 2660 1100 2709 unguibus
1121 2660 1228 2699 Ellis
1323 2661 1404 2708 318
1433 2659 1468 2698 si
1490 2666 1620 2711 paene
1638 2661 1711 2700 del.

60 2710 283 2762 (suprascr.
306 2725 360 2751 ne
379 2712 466 2751 ead.
490 2714 572 2764 m.)
594 2712 633 2762 Q
760 2726 841 2763 320
869 2714 959 2752 falsi
983 2714 1025 2751 in
1048 2715 1233 2752 criminis
1253 2714 1296 2752 P
1416 2726 1491 2763 321
1523 2727 1658 2764 regna
1676 2714 1718 2753 P

13 2815 15 2817 ι
59 2775 136 2814 325
169 2766 350 2815 coniuge
383 2766 424 2805 Β
454 2779 588 2818 marg.
623 2764 705 2806 L..
747 2768 931 2807 culmine
961 2768 1069 2807 PwS
1215 2781 1295 2818 334
1330 2774 1430 2808 nota
1462 2767 1714 2808 Lachmann

59 2821 140 2868 336
166 2819 335 2871 hospita
353 2820 559 2871 PBNQl:
587 2822 725 2861 hostia
746 2820 833 2872 92·
824 2851 833 2861 .
863 2823 970 2861 ostia
988 2822 1234 2862 Kohlmann
1528 2850 1532 2851 γ
