1884 3204
133 97 186 146 P.
227 96 469 145 ΡΑΡΙΝΙ
505 97 711 145 STATI

133 234 269 283 nuda
305 237 518 285 cohors:
566 236 793 284 volucres
829 236 990 284 isdem
1027 236 1181 285 modo
1213 234 1405 302 tardius
1440 234 1567 284 arvis
1716 239 1797 302 5⁴9⁸

131 313 229 363 isse
263 314 494 364 videntur
530 314 675 378 equi;
722 317 894 365 credas
930 333 958 365 e
993 317 1141 380 plebe
1178 317 1447 379 Cydonum

132 384 527 458 Parthorumque
562 397 677 459 fuga
712 396 922 446 totidem
959 396 1212 447 exsiluisse
1247 397 1460 460 sagittas.

130 493 233 525 non
269 475 408 525 aliter
443 478 626 526 celeres
665 479 901 540 Hyrcana
935 495 1023 542 per
1057 477 1166 526 avia
1203 476 1350 538 cervi,

132 574 247 605 cum
283 559 455 622 procul
492 557 691 621 impasti
727 558 978 608 fremitum
1013 575 1251 622 accepere
1287 557 1447 607 leonis

132 636 234 686 sive
269 646 459 701 putant,
499 638 624 702 rapit
659 639 897 689 attonitos
933 641 1049 702 fuga
1083 655 1233 688 caeca
1269 647 1531 702 metusque
1719 645 1790 687 ὃν

131 728 410 782 congregat,
449 728 498 768 et
533 722 738 783 longum
775 722 896 769 dant
933 736 1122 769 cornua
1157 719 1309 768 mixta
1345 722 1605 806 fragorem.

201 800 385 863 Effugit
420 800 502 849 hic
538 802 710 849 oculos
746 800 918 864 rapida
952 817 1076 863 puer
1111 800 1247 849 ocior
1281 817 1399 849 aura

134 879 427 940 Maenalius,
467 897 618 943 quem
654 880 839 930 deinde
873 882 1028 943 gradu
1064 880 1244 944 premit
1279 880 1509 930 horridus
1547 881 1666 930 Idas

131 960 435 1024 inspiratque
471 977 658 1019 umero,
698 962 919 1024 flatuque
956 970 1005 1010 et
1040 960 1255 1024 pectoris
1291 962 1467 1011 umbra

131 1050 266 1104 terga
300 1041 492 1103 premit.
564 1050 677 1104 post
714 1040 950 1105 ambiguo
986 1041 1273 1091 discrimine
1309 1043 1524 1091 tendunt
1610 1040 1613 1043 ’

133 1117 437 1166 Phaedimus
473 1127 624 1181 atque
662 1120 866 1182 Dymas,
905 1119 999 1168 illis
1037 1121 1167 1169 celer
1202 1119 1430 1169 imminet
1463 1121 1642 1171 Alcon.

133 1201 290 1247 flavus
325 1200 391 1248 ab
427 1197 629 1248 intonso
666 1201 920 1262 pendebat
955 1200 1139 1250 vertice
1175 1199 1324 1249 crinis

133 1281 389 1340 Arcados3
437 1280 534 1328 hoc
570 1278 741 1343 primis
777 1280 974 1330 Triviae
1015 1274 1253 1345 pascebat
1288 1281 1352 1330 ab
1388 1280 1534 1330 annis

134 1377 315 1409 munus
352 1369 414 1421 et,
455 1360 647 1424 Ogygio
684 1360 841 1410 victor
875 1378 991 1411 cum
1029 1364 1192 1411 Marte
1228 1362 1450 1424 redisset,

133 1441 439 1505 nequiquam
475 1442 643 1506 patriis
679 1444 842 1492 audax
876 1442 1169 1507 promiserat
1203 1443 1313 1492 aris.
1724 1449 1816 1494 στα

134 1533 255 1572 tunc
291 1523 417 1573 liber
452 1540 583 1572 nexu
619 1525 818 1588 lateque
854 1523 906 1572 in
943 1533 1080 1588 terga
1117 1526 1307 1574 solutus
1815 1518 1823 1535 ⁹

134 1621 343 1653 occursu
379 1603 590 1668 Zephyri
624 1614 754 1654 retro
790 1605 897 1653 fluit
933 1614 981 1655 et
1017 1605 1163 1654 simul
1198 1605 1366 1669 ipsum

134 1685 344 1748 impedit
381 1685 662 1748 infestoque
697 1688 869 1735 volans
907 1685 1185 1735 ostenditur
1222 1688 1362 1735 Idae.

135 1765 254 1815 inde
289 1767 462 1814 dolum
499 1765 690 1815 iuvenis
726 1767 986 1830 fraudique
1021 1770 1350 1817 accommoda
1385 1766 1538 1817 sensit

135 1857 361 1910 tempora
378 1865 392 1907 5
438 1846 536 1895 iam
573 1848 724 1896 finem
761 1847 908 1908 iuxta,
947 1850 1069 1897 dum
1104 1848 1276 1897 limina
1311 1848 1467 1898 victor
1727 1856 1834 1912 ⁶15³

136 1929 541 1991 Parthenopaeus
576 1927 680 1988 init,
719 1937 945 1992 correpto
981 1928 1115 1977 crine
1149 1931 1409 1979 reductum
1807 1925 1811 1928 ’

137 2018 363 2072 occupat,
403 2017 452 2057 et
487 2010 634 2072 longe
670 2009 857 2073 primus
893 2008 1002 2058 ferit
1038 2009 1165 2058 ostia
1199 2019 1385 2074 portae.

204 2091 424 2138 Arcades
459 2106 596 2139 arma
630 2091 860 2150 fremunt,
898 2089 1047 2139 armis
1084 2091 1353 2140 defendere
1387 2107 1568 2154 regem,

138 2169 189 2221 ni
223 2179 417 2234 raptum
455 2172 608 2219 decus
645 2179 694 2220 et
730 2170 890 2219 meriti
925 2173 1195 2221 reddantur
1229 2173 1456 2234 honores,
1832 2219 1833 2222 ,

138 2253 450 2300 contendunt
486 2260 692 2314 totoque
728 2261 903 2315 parant
938 2253 1242 2302 descendere
1278 2252 1423 2303 circo.
1727 2259 1836 2310 620⁴>

139 2342 254 2383 sunt
290 2341 338 2381 et
374 2331 484 2395 quis
524 2334 645 2381 Idae
681 2334 874 2397 placeat
910 2335 1070 2383 dolus.
1142 2333 1248 2397 ipse
1283 2343 1473 2397 regesta

140 2415 544 2477 Parthenopaeus
579 2415 735 2462 humo
770 2417 1063 2479 vultumque
1097 2418 1369 2479 oculosque
1405 2414 1651 2465 madentis

140 2494 321 2556 obruit,
355 2493 564 2543 accessit
599 2494 911 2544 lacrimarum
946 2495 1100 2560 gratia
1134 2497 1335 2546 formae.
1398 2555 1402 2559 ,

140 2584 341 2639 pectora
376 2591 510 2623 nunc
547 2592 771 2625 maerens
808 2593 942 2633 nunc
970 2576 1064 2625 ‘ora
1095 2576 1301 2640 indigna
1335 2586 1541 2629 cruento

195 2717 277 2754 599
305 2704 463 2755 inpasti
495 2703 563 2744 P:
602 2704 748 2743 infasti
780 2703 851 2744 K:
892 2705 1065 2745 infausti
1090 2705 1305 2756 ABDNQ
1335 2706 1475 2757 (schol.
1510 2705 1726 2751 ‘feroces'
1749 2705 1817 2759 Q)
1842 2703 1850 2712 ⁷

141 2761 221 2797 612
250 2760 340 2798 fluit
359 2759 527 2809 Bentley
546 2773 556 2798 ε
585 2759 691 2808 fugit
705 2758 815 2799 codd.
981 2762 1061 2809 613
1089 2760 1330 2805 ostenditur
1347 2759 1539 2811 PDNQ:
1569 2760 1814 2806 obtenditur,

142 2813 184 2851 B
202 2814 295 2852 dett.
493 2815 574 2862 617
602 2813 729 2862 longe
747 2812 835 2851 ΡΝ
850 2827 860 2852 z
890 2813 1045 2865 longae
1065 2814 1192 2864 BDQ
1355 2816 1438 2853 620
1467 2815 1721 2855 discendere
1739 2813 1783 2855 P
1796 2828 1817 2858 ι

143 2868 404 2907 contendere
424 2866 468 2906 D
486 2882 495 2907 ε
525 2868 737 2907 decedere
756 2867 843 2906 ΒΚ
842 2867 929 2920 QN
1050 2870 1130 2919 623
1159 2868 1294 2919 gloria
1313 2867 1358 2907 D
1837 2866 1840 2871 ’
