1884 3204
906 77 1316 126 THEBAIDOS
1353 78 1566 125 LIBER
1602 78 1734 126 VIII

17 214 20 219 ⁴
89 224 157 275 sic
190 223 411 286 amplexa
444 218 556 278 coit,
594 217 757 266 hilaris
793 218 899 276 des,
934 232 1035 276 oro,
1073 224 1297 279 precatus

19 351 25 358 ,,
89 320 233 355 nosse
267 311 390 360 tuOS,
429 301 664 362 caeloque
700 306 748 346 et
783 313 896 345 vera
932 295 1251 344 monentibus
1286 294 1380 343 aris

89 382 332 440 concilies,
371 388 419 429 et
454 394 581 442 quae
616 376 811 440 populis
847 377 1061 439 proferre
1096 376 1317 438 parabas,

31 501 50 518 1.
87 479 167 513 me
201 464 408 512 doceas:
456 457 545 506 tibi
581 474 717 506 sacra
751 459 904 505 feram
940 472 1186 519 praesaga,
1225 454 1396 518 tuique
1659 472 1736 514 335

22 535 33 609 Α,
85 536 300 595 numinis
335 539 569 602 interpres
605 547 654 586 te
690 538 896 587 Phoebo
931 537 1137 585 absente
1172 536 1378 590 vocabo.

82 623 164 674 ille
199 620 318 671 mihi
355 622 482 669 Delo
518 619 789 682 Cirrhaque
823 616 1072 681 potentior
1107 615 1257 675 omni,

85 717 184 769 quo
218 702 329 763 ruis,
369 701 450 750 ille
484 699 641 763 adytis
679 699 851 748 melior
886 698 1056 747 locus.'
1128 699 1250 746 haec
1287 695 1373 744 ubi
1409 695 1554 755 dicta,

21 798 30 849 ι’
83 779 313 845 nigrantis
349 788 473 828 terra
508 779 724 842 pecudes
761 778 1070 839 obscuraque
1106 773 1279 837 mergit

23 923 25 925 ι
82 869 312 920 armenta,
350 876 408 908 ac
443 858 562 907 vivis
599 859 824 907 cumulos
859 856 1092 906 undantis
1129 857 1339 904 harenae
1661 871 1739 912 340

16 947 28 1006 ,ζ
81 950 275 1006 aggerat
311 949 358 990 et
394 939 492 988 vati
528 938 696 988 mortis
733 938 992 987 simulacra
1026 935 1265 1000 rependit.

19 1012 23 1030 ¹
79 1086 81 1088 Ι
147 1021 288 1070 Talia
321 1022 454 1084 apud
490 1019 678 1080 Graios,
718 1036 830 1068 cum
867 1017 964 1067 iam
1004 1016 1248 1066 Mavortia
1283 1025 1454 1065 contra

16 1107 23 1172 ζ
80 1119 277 1160 cornua,
312 1101 410 1149 iarn
447 1117 616 1150 saevos
652 1101 811 1163 fragor
845 1115 1015 1148 aereus
1052 1097 1229 1147 excitat
1269 1098 1412 1146 ensis.

18 1191 21 1236 ἶ
80 1181 220 1232 addit
253 1182 430 1230 acerba
465 1198 643 1230 sonum
679 1179 914 1228 Teumesi
950 1196 977 1228 e
1012 1178 1193 1227 vertice
1229 1177 1415 1227 crinem

81 1261 322 1310 incutiens
357 1261 587 1324 acuitque
623 1261 766 1309 tubas
803 1269 852 1309 et
887 1259 1029 1308 sibila
1065 1259 1237 1307 miscet
1660 1275 1736 1317 345

79 1341 386 1405 Tisiphone:
434 1350 598 1404 stupet
632 1340 831 1389 insolito
868 1342 1096 1403 clangore
1134 1339 1404 1389 Cithaeron
1437 1386 1440 1389 ,

14 1409 17 1482 ἶ
81 1421 324 1472 marcidus
360 1431 408 1470 et
442 1431 595 1470 turres
631 1437 828 1469 carmen
863 1437 965 1468 non
1001 1422 1097 1468 tale
1133 1428 1343 1468 secutae.

81 1502 178 1551 iam
213 1502 425 1566 trepidas
462 1503 668 1550 Bellona
703 1500 818 1549 foris
855 1509 1140 1563 armataque
1177 1502 1339 1563 pulsat

12 1583 15 1637 s
80 1582 261 1643 limina,
298 1582 395 1631 iam
432 1584 588 1630 multo
622 1584 844 1630 laxantur
878 1581 1078 1630 cardine
1114 1581 1332 1629 Thebae.

10 1669 15 1733 j
81 1663 243 1712 turbat
278 1679 428 1726 eques
463 1661 671 1726 pedites,
707 1678 875 1711 currus
910 1660 1288 1725 properantibus
1326 1661 1539 1722 obstant,
1659 1679 1740 1721 350

81 1761 171 1793 eeu
208 1743 369 1792 Danai
404 1753 516 1807 post
552 1751 685 1806 terga
719 1733 977 1806 premant:
1025 1741 1095 1791 sic
1132 1741 1364 1791 omnibus
1400 1744 1506 1791 alae

37 1867 41 1871 ,
79 1833 296 1874 artantur
330 1823 481 1888 portis
518 1832 806 1887 septemque
842 1823 1126 1872 excursibus
1161 1824 1377 1872 haerent.

83 1904 282 1968 Ogygiis
318 1904 355 1953 it
390 1914 519 1954 sorte
557 1905 738 1965 Creon,
775 1906 1011 1953 Eteoclea
1046 1903 1248 1952 mittunt

8 2010 11 2015 ·
83 1985 298 2044 Neistae,
337 1987 493 2033 celsas
531 1984 864 2033 Homoloidas
901 1993 1111 2048 occupat
1150 1987 1401 2044 Haemon,

6 2080 10 2084 ’
85 2068 288 2129 Hypsea
326 2065 579 2115 Proetides
615 2074 664 2114 et
699 2067 885 2114 celsum
923 2067 1094 2114 fudere
1132 2068 1352 2128 Dryanta
1662 2085 1739 2128 355

5 2135 7 2137 ¹
85 2148 321 2206 Electrae,
360 2147 516 2208 quatit
554 2145 816 2209 Hypsistas
851 2163 1026 2194 manus
1064 2146 1460 2209 Eurymedontis,

2 2253 8 2264 τ
83 2226 297 2276 culmina
333 2226 672 2290 magnanimus
709 2226 856 2290 stipat
881 2226 1089 2275 Dircaea
1116 2230 1432 2276 Menoeceus.

0 2355 2 2358 ,
83 2307 239 2370 qualis
274 2307 360 2356 ubi
394 2307 548 2356 aversi
584 2316 796 2356 secretus
831 2308 1013 2371 pabula
1047 2308 1169 2356 caeli

83 2388 226 2438 Nilus
263 2397 311 2437 et
348 2391 478 2437 ans
514 2406 694 2452 magno
729 2389 855 2438 bibit
892 2406 975 2438 ore
1010 2389 1222 2452 pruinaS,

0 2508 2 2524 .
77 2468 263 2518 ‘scindit
299 2469 447 2518 fontis
484 2486 603 2532 opes
640 2479 930 2533 septemque
964 2471 1248 2534 patentibus
1283 2470 1408 2519 arvis
1661 2479 1740 2530 360

134 2606 214 2645 332
243 2596 400 2635 hilares
419 2597 462 2634 P
568 2597 673 2636 deus
696 2597 830 2636 Barth
994 2599 1076 2648 338
1104 2599 1221 2638 lacus
1244 2599 1476 2638 Gronovius
1657 2611 1739 2649 339

1 2651 8 2680 ⁵*
77 2655 218 2699 terrae
238 2649 281 2688 P
404 2662 484 2700 342
513 2652 609 2689 dum
632 2654 702 2714 (qx
719 2652 830 2704 cum)
855 2652 894 2702 Q
1019 2665 1098 2702 343
1128 2665 1253 2692 sevas
1275 2655 1318 2700 (ο
1336 2653 1450 2704 sup.)
1475 2652 1514 2702 Q
1585 2673 1588 2675 ·
1660 2666 1738 2702 344

0 2701 8 2717 ’
34 2715 36 2717 ’
80 2716 210 2743 sonus
228 2703 273 2742 D
381 2705 426 2756 e]
447 2718 472 2743 a
490 2705 548 2743 Ρ2
568 2719 578 2745 z
607 2718 630 2743 e
649 2719 694 2744 tn
715 2719 795 2744 ras.
821 2719 890 2745 rec.
916 2720 972 2746 m.
995 2707 1065 2746 N:
1093 2720 1117 2745 e
1137 2707 1235 2746 delet
1255 2707 1293 2756 Q
1466 2718 1547 2757 353
1575 2706 1744 2746 forteN

0 2783 7 2787 =
80 2769 160 2808 354
189 2758 364 2797 occubat
396 2757 439 2796 P
652 2771 731 2809 355
763 2760 984 2800 Proetides
1018 2767 1060 2800 et
1094 2762 1375 2800 Lachmann:
1413 2761 1633 2801 Proetides
1672 2762 1738 2811 Q:

6 2858 8 2865 χ
79 2813 269 2862 proetiae
287 2811 364 2851 PS
378 2826 387 2850 ι
415 2813 530 2864 patie
549 2813 595 2851 N
608 2828 617 2852 :
644 2814 766 2865 ppt-ie
787 2814 830 2852 D
847 2829 856 2853 ε
885 2814 1083 2864 procidae
1102 2815 1144 2853 B
1161 2829 1171 2855 :
1198 2816 1424 2865 prophetie
1444 2815 1486 2853 A
1579 2816 1737 2855 celsum

79 2871 122 2904 et
139 2878 220 2905 om.
239 2866 286 2904 N
427 2869 508 2916 358
537 2866 606 2905 ubi
624 2867 692 2905 ωδ
708 2882 718 2907 :
745 2868 789 2907 in
813 2868 921 2920 (sup.
954 2869 1048 2921 lin.)
1068 2869 1110 2907 P
1232 2870 1372 2910 aversi
1390 2869 1456 2910 P:
1484 2870 1653 2909 adversi
1673 2870 1742 2909 ωδ

79 2920 159 2969 360
186 2920 414 2960 latentibus
433 2920 475 2959 P
580 2921 710 2962 alveis
729 2922 960 2963 Gronovius
977 2937 1070 2963 cum
1089 2923 1201 2964 codd.
1223 2924 1315 2965 dett.

1550 2978 1629 3017 14*
