1884 3204
211 66 264 112 P.
305 64 547 114 ΡΑΡΙΝΙ
584 65 790 115 STATI

211 205 225 227 ζ
246 203 507 253 Hactenus
544 203 760 268 Ogygias
796 204 912 254 satis
948 204 1207 256 infestasse
1241 215 1473 267 catervaS,
1511 204 1514 208 ’
1548 206 1552 209 ’
1617 205 1619 207 ’

211 286 599 349 Parthenopaee‚
640 285 789 347 satis,
834 285 1041 337 miserae
1076 287 1175 337 iam
1215 304 1363 352 parce
1397 289 1602 352 parenti,

208 381 356 430 parce
391 366 511 426 deis,
551 365 854 430 quicumque
889 369 1085 418 favent!
1153 385 1247 418 nec
1282 366 1476 418 territus
1511 368 1626 418 ille:

211 451 223 472 ‘
244 449 400 496 Hunc
437 447 543 496 sine
578 464 659 496 me
695 446 820 513 (non
854 451 994 513 plura
1029 450 1233 515 petam),
1271 449 1510 499 fidissime
1550 452 1767 513 Dorceu,
1792 458 1840 500 81

209 537 426 578 sternere
461 529 615 589 humi,
655 528 741 592 qui
777 531 874 579 tela
909 530 1032 579 meis
1067 530 1191 594 gerit
1224 532 1421 580 aemula
1456 530 1565 580 telis

208 618 258 659 et
293 609 465 659 similis
501 603 662 659 cultus
699 619 749 660 et
782 612 920 660 frena
955 611 1183 660 sonantia
1217 610 1379 660 iactat.

208 691 346 739 frena
380 707 560 754 regam,
600 693 761 740 cultus
797 691 994 740 Triviae
1029 691 1311 755 pendebitis
1345 694 1447 741 alto

207 770 392 831 limine,
431 771 636 835 captivis
673 781 880 821 matrem
917 773 1120 822 donabo
1154 772 1425 836 pharetris.'

207 852 366 901 audiit
401 862 450 902 et
485 852 639 901 mixto
675 852 778 900 risit
814 852 1027 901 Latonia
1062 854 1193 902 fletu.
1791 864 1844 908 82

274 933 482 982 Viderat
517 935 647 981 hanc
683 932 807 981 caeli
846 931 1142 982 iamdudum
1177 932 1229 981 in
1264 943 1402 997 parte
1437 943 1626 983 remota

209 1014 482 1063 Gradivum
518 1015 777 1077 complexa
811 1015 999 1074 Venus,
1039 1015 1262 1078 dumque
1296 1013 1442 1063 anxia
1476 1015 1679 1064 Thebas

207 1104 567 1144 commemorat
604 1087 955 1158 Cadmumque
990 1094 1094 1145 viro
1130 1113 1372 1160 caraeque
1407 1106 1616 1160 nepotes

208 1176 532 1237 Harmoniae,
570 1193 795 1240 pressum
831 1175 981 1225 tacito
1017 1176 1111 1226 sub
1147 1179 1298 1227 corde
1333 1178 1559 1227 dolorem

205 1257 500 1322 tempestiva
535 1266 735 1307 movet:
775 1259 989 1307 ‘Nonne
1023 1259 1166 1319 hanc,
1208 1258 1436 1319 Gradive,
1474 1267 1752 1323 protervam
1781 1250 1871 1323 ⁷825

207 1339 482 1403 virginitate
517 1338 655 1388 vides
693 1338 910 1388 mediam
946 1355 999 1388 se
1034 1340 1158 1388 ferre
1193 1338 1408 1389 virorum
1865 1328 1867 1331 Α

206 1419 470 1470 coetibus?
516 1429 670 1483 utque
704 1419 836 1469 acies
872 1421 1036 1469 audax
1071 1429 1119 1469 et
1156 1420 1337 1469 Martia
1373 1420 1512 1485 signa
1879 1478 1884 1492 .

205 1503 484 1565 temperet?
535 1518 599 1550 en
635 1500 784 1550 etiam
820 1502 974 1550 donat
1009 1501 1313 1565 praebetque
1347 1502 1600 1551 necandos
1875 1503 1884 1550 ε’

205 1591 279 1631 tot
314 1592 482 1632 nostra
517 1583 581 1631 de
615 1591 762 1646 gente
796 1581 939 1632 viros.
1012 1582 1129 1631 huic
1164 1582 1343 1632 tradita
1376 1582 1542 1642 virtus,
1652 1584 1655 1586 ’
1878 1578 1884 1606 ¹

203 1663 320 1712 huic
356 1665 525 1713 furor?
569 1663 771 1727 agrestis
808 1672 1030 1727 superest
1065 1663 1155 1713 tibi
1190 1665 1338 1727 figere
1373 1665 1629 1713 dammas.'
1790 1673 1884 1726 830³

203 1744 403 1794 desiluit
438 1744 577 1793 iustis
613 1753 894 1794 commotus
930 1744 981 1792 in
1015 1761 1153 1794 arma
1187 1744 1399 1808 querelis

205 1825 524 1890 Bellipotens,
563 1825 644 1874 cui
679 1827 785 1874 sola
818 1842 998 1889 vagum
1034 1843 1121 1890 per
1155 1825 1303 1876 inane
1337 1825 1497 1876 ruenti
1876 1842 1884 1868 ε

203 1908 284 1955 Ira
320 1923 502 1967 comes,
541 1905 717 1969 reliqui
752 1908 935 1956 sudant
969 1909 1035 1956 ad
1069 1907 1201 1956 bella
1237 1909 1459 1957 Furores.

201 2005 295 2038 nec
331 2005 482 2048 mora,
522 2004 637 2037 cum
674 1996 914 2037 maestam
950 1987 1144 2037 monitu
1181 1988 1393 2038 Latoida
1433 1990 1559 2038 duro
1873 1989 1884 2031 5

199 2068 420 2134 increpat
455 2069 721 2119 assistens:
771 2070 920 2118 ‘Non
955 2070 1080 2119 haec
1115 2068 1207 2119 tibi
1241 2069 1429 2134 proelia
1465 2069 1637 2119 divum
1788 2079 1884 2141 835:

200 2151 285 2199 dat
321 2160 494 2214 pater3
538 2149 824 2199 armiferum
859 2150 912 2198 ni
946 2150 1172 2215 protinus
1207 2150 1436 2215 improba
1470 2167 1705 2215 campum
1875 2147 1884 2153 ”

198 2232 398 2293 deseris,
437 2232 554 2281 huic
588 2248 802 2295 aequam
838 2248 1015 2281 nosces
1051 2249 1145 2281 nec
1182 2234 1386 2282 Pallada
1421 2233 1651 2282 dextrae.’

198 2313 320 2377 quid
356 2313 502 2362 faciat
537 2315 746 2363 contra?
792 2313 971 2377 premit
1006 2313 1124 2362 hinc
1162 2313 1408 2363 Mavortia
1442 2313 1621 2378 cuspis,

196 2394 315 2443 hinc
350 2396 526 2458 plenae
562 2394 666 2454 tibi,
705 2410 867 2458 parve,
907 2395 1059 2454 colus,
1100 2394 1235 2444 Iovis
1270 2394 1389 2445 inde
1425 2394 1581 2445 severi

196 2478 394 2526 vultus:
442 2475 546 2524 abit
582 2477 690 2524 solo
725 2484 839 2539 post
875 2476 998 2524 haec
1035 2475 1194 2525 evicta
1217 2478 1423 2539 pudore.
1784 2470 1884 2539 840³

263 2560 331 2606 At
366 2566 505 2621 pater
541 2556 754 2620 Ogygias
792 2559 993 2606 Mavors
1029 2556 1362 2621 circumspicit
1395 2559 1497 2606 alas

196 2639 603 2702 horrendumque
640 2640 862 2701 Dryanta
898 2647 1079 2699 movet,
1117 2637 1199 2688 cui
1234 2637 1486 2702 sanguinis
1521 2646 1694 2711 auctor

247 2767 327 2815 815
357 2779 440 2806 om.
460 2751 504 2804 P
663 2767 743 2805 816
772 2766 878 2806 meis
896 2765 953 2805 Pl
973 2766 1082 2819 (sup.
1105 2766 1196 2807 suis
1213 2765 1294 2821 P2)
1478 2767 1560 2806 828
1587 2772 1800 2819 temperat
1819 2746 1884 2807 D}

193 2820 270 2870 831
304 2820 487 2860 dissiluit
506 2820 548 2860 P
720 2821 802 2869 840
821 2821 960 2861 cultus
979 2820 1021 2859 A
1658 2851 1662 2854 .
