1884 3204
117 137 169 183 P.
210 135 451 182 PAPINI
491 134 696 182 STATI

119 286 267 333 quem
304 286 433 318 nova
468 278 658 317 mature
695 267 992 316 subeuntem
1030 282 1202 315 exorsa
1236 266 1451 329 parentis

117 360 372 400 aeternum
409 348 503 398 sibi
540 350 704 397 Roma
739 346 876 410 cupit
911 345 1048 410 (licet
1081 345 1229 395 artior
1264 347 1427 396 omnis

119 431 259 480 limes
295 440 406 494 agat
442 431 605 478 stellas
642 438 690 476 et
726 437 774 475 te
809 429 953 490 plaga
987 426 1153 476 lucida
1188 425 1323 487 caeli,
1731 448 1779 488 25

121 512 377 560 Pleiadum
416 513 704 571 Boreaeque
739 517 789 556 et
823 507 975 555 hiulci
1009 506 1228 556 fulminis
1264 524 1448 572 expers,

121 592 361 651 sollicitet,
400 590 515 639 licet
548 589 837 653 ignipedum
873 589 1088 637 frenator
1122 605 1364 652 equorum

120 673 225 735 ipse
261 672 357 721 tuis
391 673 488 719 alte
523 669 799 719 radiantem
835 668 1052 718 crinibus
1086 686 1257 718 arcum

121 753 385 839 imprimat,
419 762 504 800 aut
541 750 705 814 magni
741 751 887 798 cedat
921 749 1012 799 tibi
1048 750 1272 814 Iuppiter
1305 767 1465 814 aequa

101 844 260 897 (porte
296 833 433 898 poli),
473 848 673 880 maneas
710 831 972 879 hominum
1008 840 1272 880 contentus
1307 831 1529 892 habenis,
1734 852 1785 889 30

104 895 366 963 *undarum
401 923 656 976 terraeque
691 921 882 975 potens,
922 921 971 960 et
1005 912 1166 961 sidera
1201 914 1373 962 dones.

121 1005 317 1058 tempus
353 994 455 1054 erit,
496 1011 610 1042 eum
647 993 890 1056 laurigero
923 1002 1008 1041 tua
1041 993 1212 1042 fortior
1247 1002 1410 1042 oestro

122 1078 250 1125 facta
285 1092 490 1124 canam:
540 1092 675 1123 nunc
711 1077 865 1124 tendo
901 1076 1080 1137 chelyn
1115 1074 1231 1123 satis
1267 1091 1403 1123 arma
1437 1076 1613 1123 referre

123 1156 287 1206 Aonia
322 1166 371 1204 et
405 1155 614 1219 geminis
651 1164 902 1218 sceptrum
939 1155 1133 1205 exitiale
1168 1154 1385 1218 tyrannis

123 1237 386 1287 necsfuriis
421 1247 535 1301 post
569 1239 668 1285 fata
703 1238 911 1286 modum
946 1238 1272 1300 flammasque
1306 1235 1502 1285 rebellis
1734 1254 1783 1294 35

124 1318 368 1368 seditione
402 1318 507 1382 rogi
543 1318 844 1381 tumulisque
880 1317 1097 1367 carentia
1131 1334 1301 1380 regum

124 1403 295 1449 funera
330 1409 379 1449 et
414 1409 605 1462 egestas
639 1399 839 1448 alternis
875 1398 1118 1448 mortibus
1155 1399 1316 1458 urbeS,

125 1483 319 1530 caerula
354 1498 469 1530 cum
504 1480 670 1529 rubuit
707 1483 931 1528 Lernaeo
966 1479 1205 1542 sanguine
1239 1478 1388 1528 Dirce

127 1573 175 1611 et
210 1561 385 1610 Thetis
419 1561 602 1610 arentis
637 1562 900 1609 adsuetum
937 1560 1171 1624 stringere
1205 1559 1335 1624 ripas

126 1642 313 1692 horruit
348 1642 536 1706 ingenti
570 1642 854 1691 venientem
893 1643 1133 1691 Ismenon
1169 1657 1361 1690 acervo.
1737 1659 1791 1698 40

127 1741 275 1787 quem
313 1723 446 1786 prius
482 1725 703 1782 heroum,
744 1722 874 1782 Clio‚·
909 1722 1088 1771 dabis?
1140 1711 1484 1770 immodicum⁴
1504 1719 1603 1769 irae

127 1807 336 1868 Tydea?
383 1804 607 1867 laurigeri
644 1803 835 1852 subitos
871 1820 935 1851 an
972 1802 1095 1851 vatis
1131 1802 1332 1851 hiatus?

128 1895 266 1949 urget
302 1895 351 1934 et
384 1885 616 1934 hostilem
651 1887 932 1947 propellens
969 1883 1205 1932 caedibus
1240 1900 1440 1933 amnem

129 1967 356 2016 turbidus
393 1966 770 2030 Hippomedon,
809 1967 1150 2028 plorandaque
1186 1966 1316 2014 bella
1350 1964 1562 2028 protervi

129 2050 352 2097 Arcados
387 2057 537 2110 atque
572 2047 670 2095 alio
707 2049 980 2110 Capaneus·
1009 2048 1208 2095 horrore
1244 2048 1511 2096 canendus.
1742 2067 1793 2105 45

199 2129 361 2193 Impia
394 2128 492 2177 iam
529 2127 702 2177 merita
735 2137 978 2176 scrutatus
1013 2127 1201 2176 lumina
1235 2129 1405 2175 dextra

131 2220 364 2260 merserat
398 2220 596 2258 aeterna
631 2211 924 2258 damnatum
960 2218 1107 2257 noete
1142 2209 1386 2272 pudorem

132 2291 422 2354 Oedipodes
455 2292 702 2353 longaque
737 2290 954 2338 animam
991 2289 1084 2337 sub
1121 2299 1278 2337 morte
1313 2288 1527 2337 tenebat.

132 2375 270 2421 illum
306 2371 646 2434 indulgentem
682 2370 897 2419 tenebris
933 2369 1162 2432 imaeque
1197 2386 1393 2418 recessu

133 2453 265 2512 sedis
299 2452 579 2515 inaspectos
616 2454 754 2500 caelo
789 2451 1037 2514 radiisque
1071 2450 1264 2513 penatis
1727 2469 1798 2509 -50

134 2542 410 2583 servantem
445 2541 611 2583 tamen
647 2530 869 2580 adsiduis
905 2531 1229 2580 circumvolat
1265 2529 1353 2579 alis

189 2674 242 2710 23
271 2666 434 2700 mature
454 2659 727 2699 Lachmann:
759 2658 911 2697 maturi
926 2657 1036 2696 codd.
1208 2669 1261 2706 24
1291 2657 1383 2709 illas
1398 2657 1564 2709 (omnes
1575 2658 1799 2708 suprascr.)

134 2715 177 2754 P
331 2727 384 2763 32
414 2714 625 2764 laurigero
646 2729 675 2751 ω
694 2713 874 2758 :Pierio
892 2712 936 2751 P
961 2711 1192 2765 (laurigero
1212 2718 1416 2763 suprascr.
1441 2725 1510 2751 rec.
1531 2712 1609 2763 m.)
1659 2732 1661 2735 ·
1747 2723 1799 2761 33

135 2770 391 2821 interpunxit
416 2769 582 2818 Bentley
676 2768 831 2806 referte
845 2769 887 2820 (r
900 2767 1127 2818 suprascr.)
1148 2765 1187 2816 Q
1296 2767 1349 2815 38
1368 2779 1493 2815 quam
1510 2765 1556 2816 (u
1568 2770 1794 2817 suprascr.)

135 2824 178 2863 P
313 2835 364 2873 45
394 2824 480 2862 alto
501 2823 750 2861 Lachmann
917 2822 971 2870 48
1001 2826 1135 2860 morte
1156 2820 1223 2860 P:
1253 2826 1379 2860 nocte
1400 2821 1622 2872 (suprascr.
1642 2820 1797 2868 morte)

136 2878 207 2918 D:
241 2884 365 2917 nocte
386 2877 558 2927 BKNQ
