1884 3204
1014 63 1427 112 THEBAIDOS
1464 65 1679 113 LIBER
1718 67 1772 115 ΙΙ

113 197 369 257 CerberuS,
406 205 558 260 atque
587 195 755 246 omnis
791 196 1010 259 capitum
1046 197 1263 247 subrexit
1300 199 1478 264 hiatus,

75 326 78 332 ,
109 292 282 327 saevus
317 286 366 326 et
400 276 601 326 intranti
635 278 838 340 populo,
875 276 974 325 iam
1010 277 1148 341 nigra
1184 279 1408 328 tumebat

109 357 236 406 colla
270 355 448 415 minax,
486 355 585 404 iam
622 371 789 418 sparsa
823 358 932 405 solo
967 357 1247 406 turbaverat
1282 374 1409 418 ossa,

108 436 160 487 ni
193 438 316 486 deus
350 437 632 485 horrentem
669 438 891 486 Lethaeo
926 436 1111 487 vimine
1147 439 1372 487 mulcens
1718 460 1770 499 30

33 511 35 513 ’
105 518 258 567 ferrea
291 516 563 581 tergemino
598 517 873 566 domuisset
907 518 1096 567 lumina
1131 535 1338 588 somno.-

172 600 261 647 Est
297 600 435 647 locus
470 597 729 663 (Inachiae
765 598 993 648 dixerunt
1028 601 1254 648 Taenara
1288 601 1496 666 gentes),

103 692 203 740 qua
234 677 552 727 formidatum
591 681 786 728 Maleae
823 679 1098 743 spumantis
1134 680 1186 728 in
1221 697 1363 730 auras

102 757 141 808 it
174 768 322 822 caput
357 768 406 808 et
441 761 604 809 nullos
639 760 856 810 admittit
892 760 1110 810 culmine
1144 761 1292 811 visus.

87 847 197 888 stat
231 839 455 889 sublimis
489 857 615 904 apex
649 851 926 905 ventosque
961 841 1234 906 imbrisque
1268 860 1472 893 serenus
1713 864 1764 906 35

103 920 314 984 despicit
349 931 398 971 et
434 931 626 971 tantum
662 923 803 972 fessis
838 923 1068 973 insiditur
1101 924 1256 974 astris.

102 1000 220 1070 [illic
255 1003 479 1053 exhausti
513 1021 724 1068 posuere
759 1006 942 1055 cubilia
976 1007 1124 1068 venti,

99 1083 488 1148 fulminibusque
523 1085 615 1135 iter
649 1095 723 1135 est
739 1105 754 1147 3
795 1087 1018 1136 medium
1054 1105 1174 1137 cava
1210 1089 1382 1138 nubila
1416 1089 1600 1139 montis

98 1164 406 1229 insumpsere
441 1167 581 1226 latus,
623 1184 845 1217 summos
881 1185 975 1217 nec
1010 1169 1254 1232 praepetis
1288 1172 1396 1219 alae

100 1248 299 1310 plausus
334 1247 440 1296 adit
476 1247 615 1297 collis
650 1266 744 1298 nec
780 1266 927 1298 rauca
961 1250 1177 1299 tonitrua
1211 1250 1448 1317 pulsant]
1710 1272 1766 1313 40

97 1337 172 1378 ast
206 1327 293 1376 ubi
327 1344 484 1391 prona
519 1329 639 1390 dies,
679 1332 854 1393 longos
891 1347 1037 1394 super
1071 1348 1291 1395 aequora
1325 1332 1438 1381 finis

73 1408 244 1472 ‘exigit
277 1418 428 1472 atque
463 1409 637 1473 ingens
673 1411 841 1460 medio
877 1421 1014 1460 natat
1049 1413 1226 1462 umbra
1259 1415 1523 1477 profundo.

96 1489 325 1538 interiore
361 1489 472 1538 sinu
507 1491 782 1554 frangentia
817 1491 960 1541 litora
995 1502 1164 1542 curvat

96 1572 360 1630 Taenaros,
399 1571 649 1635 expositos
685 1589 789 1622 non
824 1575 987 1622 audax
1022 1576 1261 1624 scandere
1296 1577 1490 1625 fluctuS.

93 1650 193 1700 illic
228 1654 428 1715 Aegaeo
465 1654 731 1716 Neptunus
766 1654 955 1717 gurgite
995 1656 1152 1704 fessos
1582 1704 1584 1706 ,
1708 1679 1759 1718 45

93 1731 145 1781 in
179 1742 375 1796 portum
412 1733 615 1783 deducit
650 1734 821 1798 equOs,
859 1735 991 1799 prior
1025 1736 1187 1786 haurit
1221 1738 1430 1786 harenas

27 1872 31 1876 ,
95 1816 290 1877 ungula,
327 1814 564 1877 postremi
599 1817 856 1865 solvuntur
891 1816 944 1865 in
978 1835 1197 1882 aequora
1230 1818 1405 1882 pisces.

94 1896 204 1955 hoc,
243 1904 298 1943 ut
331 1897 477 1956 fama,
514 1898 628 1945 loco
663 1897 892 1960 pallentis
928 1898 1102 1948 devius
1138 1900 1339 1949 umbras

94 1984 275 2024 trames
309 1975 410 2039 agit
444 1976 670 2040 nigrique
708 1977 841 2027 Iovis
876 1996 1035 2029 vacua
1068 1979 1192 2029 atria
1227 1981 1352 2050 ditat

95 2056 348 2105 mortibus.
422 2057 623 2107 Arcadii
658 2058 922 2121 perhibent
958 2060 999 2109 si
1034 2078 1148 2110 vera
1183 2061 1362 2122 coloni,
1706 2084 1761 2124 50

94 2137 272 2187 stridor
306 2137 376 2186 ibi
411 2147 461 2187 et
494 2139 705 2202 gemitus
741 2157 1027 2203 poenarum,
1066 2151 1273 2206 atroque
1308 2146 1523 2193 tumultu

94 2219 247 2268 fervet
280 2235 394 2282 ager
410 2237 424 2280 ;
471 2236 618 2284 saepe
655 2221 995 2271 Eumenidum
1031 2240 1280 2287 vocesque
1316 2242 1594 2289 manusque

93 2298 145 2347 in
180 2299 400 2348 medium
437 2317 646 2350 sonuere
681 2301 829 2361 diem,
869 2305 1153 2367 Lethesque
1189 2305 1420 2355 triformis

92 2379 270 2430 ianitor
303 2380 539 2444 agricolas
574 2382 762 2446 campis
797 2383 995 2433 auditus
1031 2385 1209 2448 abegit.

147 2521 199 2559 27
228 2522 363 2560 aeque
405 2509 570 2562 Unger:
612 2512 698 2550 alte
728 2510 1009 2552 Lachmann:
1038 2515 1314 2565 anguicomus
1346 2516 1495 2557 Koch:
1534 2518 1642 2557 nihil
1665 2531 1758 2557 mu-

91 2563 271 2603 tandum
290 2564 469 2604 arbitror
626 2578 680 2615 33
709 2567 762 2605 ad
784 2567 846 2619 (in
865 2569 1095 2620 suprascr.)
1127 2569 1207 2619 ΡΩ
1380 2584 1518 2621 37-40
1544 2586 1628 2612 om.
1652 2573 1760 2613 PcuS

93 2622 252 2657 exstant
267 2619 311 2657 in
333 2632 415 2669 mg.
438 2622 492 2659 al.
519 2633 575 2660 m.
597 2619 717 2671 PBQ
880 2635 934 2671 40
963 2623 1107 2674 lapsus
1126 2625 1215 2663 adit
1241 2624 1369 2665 Bodl.
1393 2626 1495 2666 Can.
1523 2639 1582 2676 77-
1702 2641 1756 2678 43

93 2673 313 2722 flagrantia
334 2673 372 2722 Q
494 2687 547 2724 44
567 2676 790 2725 expositus
809 2675 1020 2716 Baehrens
1129 2679 1325 2718 scindere
1345 2679 1592 2719 Kohlmann
1703 2696 1758 2732 49

92 2739 194 2776 -que
216 2726 328 2766 Iovis
347 2734 437 2779 sup.
461 2728 530 2769 lim
554 2728 616 2766 Β1
763 2743 816 2780 50
844 2744 1037 2782 arcanus,
1058 2733 1285 2782 perhibent
1303 2733 1487 2774 Mueller.
1508 2735 1619 2775 Fort.
1644 2749 1754 2775 mor-

93 2781 218 2829 tibus,
246 2781 347 2820 Orci
373 2783 514 2822 aditus
543 2784 755 2836 (=adit'),
776 2786 1000 2834 perhibent
1022 2817 1032 2826 .
1056 2816 1067 2826 .
1087 2816 1097 2826 .
1123 2786 1235 2827 Certe
1251 2788 1423 2827 Arcadii
1445 2789 1633 2842 (=Arca
1654 2791 1756 2842 Dei)

93 2836 285 2875 monachi
299 2837 498 2877 aberratio
629 2836 685 2889 '53
716 2839 873 2890 letique
894 2839 1041 2893 MSS„
1065 2854 1163 2881 corr.
1183 2842 1454 2883 Friesemann
1468 2845 1551 2884 coll.
1572 2845 1676 2886 Sz'lv.
1694 2846 1751 2885 iii.

93 2901 131 2930 2.
157 2902 234 2930 112
