1884 3204
965 67 1374 117 THEBAIDOS
1411 70 1626 118 LIBER
1664 73 1737 119 IX

89 203 325 264 blandior,
361 202 546 252 aestivo
580 218 672 251 nec
707 218 759 251 se
794 201 947 265 magis
979 219 1194 266 aequore
1228 203 1402 253 Triton

74 284 274 353 exserit,
311 292 396 332 aut
431 299 570 331 carae
604 282 810 331 festinus
844 284 909 332 ad
945 286 1114 332 oscula
1149 284 1316 333 matris
1661 305 1737 345 330

88 381 200 416 cum
234 373 418 414 remeat
452 364 747 426 tardumque
782 362 890 412 ferit
925 363 1160 427 delphina
1194 367 1476 414 Palaemon.

85 461 218 494 arma
252 445 429 494 decent
463 460 672 502 umeros,
710 442 996 506 clipeusque
1031 443 1233 507 insignis
1269 454 1317 493 et
1351 461 1471 495 auro

83 523 275 574 lucidus
309 522 500 572 Aoniae
536 524 750 572 caelatur
784 522 969 586 origine
1003 523 1175 587 gentis,

67 599 280 660 ,Sidonis
314 599 395 648 hic
431 599 600 648 blandi
636 616 723 663 per
757 599 971 649 candida
1005 610 1139 663 terga
1173 600 1380 661 iuvenci,

82 681 179 739 iam
214 697 383 730 secura
417 679 576 740 maris,
615 679 792 729 teneris
828 680 925 728 iam
961 697 1146 730 cornua
1181 681 1357 744 palmis
1657 703 1735 743 335

82 751 183 811 non
218 770 365 820 tenet,
402 760 629 810 extremis
664 762 908 810 adludunt
943 778 1158 825 aequora
1192 762 1371 826 plantis
1389 781 1402 823 3

82 838 149 898 ire
182 850 324 905 putes
359 841 519 904 clipeo
554 843 831 906 fluctusque
866 859 1031 891 secare
1066 842 1342 892 iuvencum.

80 920 277 972 adiuvat
311 923 446 971 unda
481 923 631 971 fidem
669 924 844 986 pelago
880 940 974 972 nec
1009 922 1224 972 discolor
1257 923 1430 972 amnis.

146 1004 290 1051 Tunc
323 1004 484 1051 audax
518 1002 696 1067 pariter
730 1003 838 1052 telis
874 1013 922 1052 et
957 1021 1078 1053 voce
1114 1014 1339 1068 proterva

54 1101 67 1108 ²
81 1081 494 1146 Hippomedonta
528 1084 683 1147 petit:
733 1086 882 1133 ‘Non
919 1086 1041 1134 haec
1076 1087 1290 1134 fecunda
1324 1103 1518 1136 veneno
1657 1108 1737 1148 340

81 1165 252 1225 Lerna,
289 1180 382 1213 nec
420 1164 682 1214 Herculeis
718 1167 922 1215 haustae
959 1167 1268 1230 serpentibus
1304 1170 1500 1217 undae:

79 1261 270 1295 sacrum
304 1262 515 1305 amnem,
555 1262 748 1295 sacrum
785 1241 855 1312 (et
890 1247 1038 1296 miser
1073 1248 1318 1311 experiere
1342 1248 1372 1312 Ξ)
1410 1250 1662 1312 deumque

78 1324 255 1375 altricis
289 1324 526 1389 inrumpis
561 1328 744 1389 aquas.'
813 1327 936 1375 nihil
971 1327 1066 1389 ille,
1105 1331 1193 1378 sed
1228 1329 1332 1377 ibat

78 1405 353 1454 comminus
370 1424 384 1467 3
430 1406 663 1470 opposuit
698 1410 900 1457 cumulo
936 1425 989 1457 se
1025 1409 1223 1458 densior
1256 1409 1416 1458 amnis

77 1486 382 1550 tardavitque
418 1504 633 1547 manum,
672 1490 850 1537 vulnus
886 1498 1053 1539 tamen
1090 1489 1171 1538 illa
1206 1500 1450 1540 retentum
1657 1513 1733 1553 345

77 1566 273 1631 pertulit
306 1576 455 1630 atque
489 1567 685 1617 animae
720 1577 824 1618 tota
859 1568 910 1617 in
946 1571 1215 1633 penetralia
1250 1571 1391 1620 sedit.

77 1647 262 1696 horruit
296 1649 431 1696 unda
465 1650 615 1708 nefas,
654 1648 803 1699 silvae
838 1650 1038 1700 flevistis
1074 1660 1323 1715 utraeque,

77 1736 126 1776 et
158 1727 376 1791 graviora
409 1745 557 1778 cavae
592 1739 862 1779 sonuerunt
897 1748 1146 1780 murmura
1180 1732 1327 1796 ripae.
1358 1719 1361 1723 Ι

76 1807 276 1858 ultimus
310 1808 391 1858 ille
425 1826 576 1859 sonus
612 1810 911 1861 moribundo
947 1813 1143 1862 emersit
1177 1814 1241 1863 ab
1277 1831 1375 1874 ore,

23 1885 28 1890 ’
79 1889 269 1938 ‘Mater
291 1891 328 1937 1’
344 1907 358 1950 3
404 1889 454 1937 in
490 1891 620 1939 hanc
655 1890 819 1939 miseri
854 1891 1139 1941 ceciderunt
1174 1893 1379 1942 flumina
1412 1911 1600 1944 vocem.
1658 1914 1736 1955 350

142 1971 210 2017 At
244 1969 461 2032 genetrix
495 1979 642 2018 coetu
676 1973 959 2034 glaucarum
996 1972 1157 2022 cincta
1192 1991 1413 2023 sororum

76 2049 297 2113 protinus
333 2049 428 2098 icta
464 2052 595 2099 malo
631 2050 782 2100 vitrea
817 2053 880 2101 de
916 2055 1042 2102 valle
1078 2054 1250 2103 solutis

77 2130 269 2179 exsiluit
303 2131 568 2181 furibunda
602 2132 772 2193 comis,
810 2151 868 2183 ac
904 2136 1103 2184 verbere
1139 2136 1310 2185 crebro

0 2237 1 2286 ἰ
77 2226 260 2274 oraque
294 2221 591 2275 pectoraque
627 2222 676 2262 et
709 2213 915 2263 viridem
951 2215 1096 2264 scidit
1131 2217 1330 2265 horrida
1363 2226 1564 2267 vestem.

0 2291 1 2322 ³
77 2299 229 2354 utque
264 2292 423 2355 erupit
456 2293 597 2356 aquis
632 2293 907 2358 iterumque
942 2295 1218 2360 iterumque
1254 2298 1481 2347 trementi
1651 2318 1730 2360 355

0 2376 2 2378 ’
75 2371 344 2435 ingeminat
382 2374 658 2423 ‘Crenaee'
693 2392 850 2425 sono:
897 2394 1142 2441 nusquam
1178 2378 1272 2439 ille,
1311 2381 1400 2429 sed
1434 2379 1584 2429 index

63 2453 298 2516 desuper,
337 2470 366 2502 a
401 2454 606 2505 miserae
641 2455 849 2505 nimium
884 2460 1138 2508 noscenda
1172 2460 1376 2523 parenti,

31 2592 34 2595 Δ
75 2549 244 2597 parma
278 2544 446 2595 natat3
492 2534 619 2585 iacet
653 2536 758 2600 ipse
794 2541 979 2601 procul,
1017 2556 1116 2603 qua
1150 2539 1301 2589 mixta
1336 2558 1620 2604 supremum

114 2674 208 2716 ¹334
238 2662 427 2703 Sidoniis
446 2664 489 2702 P
593 2666 730 2718 terga]
753 2666 860 2707 colla
878 2667 923 2706 D
1086 2672 1167 2718 336
1196 2675 1315 2720 tener
1343 2671 1378 2719 (t
1396 2677 1486 2722 sup.
1510 2683 1532 2710 r
1550 2670 1670 2722 add.)
1691 2673 1731 2722 Q

75 2717 154 2767 338
181 2715 283 2768 nec]
307 2731 391 2756 non
410 2717 530 2757 LI.N
696 2733 774 2770 343
803 2722 953 2773 irrupit
970 2723 1054 2761 NA
1063 2723 1076 2746 ¹
1238 2737 1319 2773 344
1348 2727 1425 2764 sed
1445 2725 1492 2763 N
1650 2738 1728 2776 347

75 2771 266 2822 usssque
289 2771 403 2823 (-tre-
423 2779 626 2824 suprascr.
648 2774 702 2814 al.
723 2777 808 2828 m.)
826 2775 870 2814 P
1046 2790 1128 2827 350
1156 2779 1327 2817 flumina
1355 2792 1403 2818 ex
1430 2780 1600 2819 flamine
1628 2793 1726 2819 corr.

76 2837 147 2865 rec.
166 2838 223 2864 m.
245 2824 288 2863 P
451 2839 530 2876 352
558 2828 644 2878 igta
662 2829 710 2867 N
856 2842 935 2880 355
963 2843 1092 2881 aquas
1114 2833 1153 2882 Q
1262 2833 1411 2872 iterum
1431 2833 1667 2884 iterumque
1687 2835 1734 2873 N

40 2926 50 2935 ᾖ
76 2888 154 2929 357
183 2878 235 2918 ab
252 2878 342 2919 10²:
371 2876 418 2920 ah
438 2880 477 2931 Q
615 2884 784 2937 {nmium
813 2885 992 2924 miserae
1023 2886 1087 2939 (ni
1115 2893 1206 2938 sup.
1232 2893 1300 2938 pr.
1331 2899 1373 2925 m
1399 2887 1515 2940 add.)
1539 2888 1579 2939 Q
