1884 3204
1054 70 1467 121 THEBAIDOS
1505 71 1720 119 LIBER
1755 69 1832 117 XI

186 232 358 266 exosus
394 211 557 263 Manis
592 210 714 275 pigri
748 211 961 259 sulcator
994 209 1179 258 Averni

185 301 322 342 exeat
355 292 419 340 ad
453 292 664 352 Superos
700 289 956 349 solemque
991 295 1040 335 et
1075 286 1258 349 pallida
1293 286 1456 335 turbet

183 381 321 431 astra,
360 387 451 420 nec
486 369 591 433 ipse
626 368 711 418 diu
746 367 883 416 fortis
918 365 1210 429 patiensque
1246 367 1444 430 superni
1754 383 1834 425 590

182 451 338 512 ae'ris;
382 451 566 499 interea
599 451 801 511 longum
838 456 1060 496 cessante
1097 447 1330 510 magistro

182 540 365 580 crescat
399 546 536 593 opus,
576 529 791 591 solisque
827 535 1111 591 exspectent
1147 529 1343 575 saecula
1378 526 1521 590 ripis:

182 611 288 660 talis
322 611 411 659 init
445 626 690 673 campum,
730 607 998 671 comitique
1034 611 1258 658 extrema
1283 607 1501 670 gementi

185 696 196 718 ‘
217 692 357 740 Duc'
390 690 458 739 ait
496 691 590 739 ‘ad
625 699 767 739 natos
803 698 1092 753 patremque
1127 688 1426 748 recentibus,
1466 704 1573 747 oro,

180 771 306 820 inice
339 770 591 820 funeribus
615 773 650 819 1’
720 779 978 819 cunctatur
1012 769 1179 818 nescia
1213 768 1348 832 virgo
1751 787 1830 829 595

179 850 299 915 quid
332 860 468 914 paret
485 869 498 912 ;
544 850 823 914 impediunt
858 850 948 900 iter
982 849 1348 914 implicitosque
1383 858 1636 898 morantur

178 948 324 991 arma,
362 930 466 991 viri,
502 948 684 991 currus,
721 933 918 994 altaque
954 930 1005 978 in
1041 939 1199 992 strage
1235 931 1413 979 seniles

178 1010 414 1060 deficiunt
448 1028 640 1075 gressus
676 1021 726 1062 et
760 1013 861 1060 dux
896 1011 1175 1060 miseranda
1210 1010 1413 1059 laborat.

178 1101 230 1141 ut
265 1092 486 1155 quaesita
520 1092 606 1142 diu
643 1092 931 1141 monstravit
966 1108 1172 1155 corpora
1206 1093 1393 1140 clamor

177 1172 384 1236 virginis,
423 1173 646 1223 insternit
681 1183 812 1222 totos
848 1173 1136 1236 frigentibus
1171 1182 1318 1221 artus.
1752 1179 1835 1220 600

177 1269 268 1302 nec
304 1270 398 1302 vox
433 1255 532 1302 ulla
565 1254 699 1304 seni:
746 1254 872 1303 iacet
907 1253 1233 1317 immugitque
1269 1252 1482 1301 cruentis

177 1333 457 1383 vulneribus
493 1351 586 1383 nec
621 1335 770 1383 verba
806 1335 891 1384 diu
928 1343 1167 1397 temptata
1202 1342 1488 1395 sequuntur.

177 1417 297 1464 dum
332 1424 504 1464 tractat
538 1417 700 1478 galeas
735 1425 884 1478 atque
920 1432 1005 1464 ora
1040 1413 1243 1463 latentia
1277 1413 1480 1476 quaerit,

178 1497 378 1544 tandem
413 1505 549 1544 muta
583 1495 669 1544 diu
703 1498 896 1559 genitor
942 1494 1150 1558 suspiria
1185 1493 1362 1543 solvit:

180 1574 369 1622 ‘Tarda
404 1590 579 1632 meam,
618 1573 787 1636 pietas,
826 1574 976 1636 longo
1011 1581 1124 1636 post
1159 1581 1382 1635 tempore
1419 1579 1637 1619 mentem
1754 1578 1834 1632 605

177 1653 426 1717 percutis?
472 1663 610 1703 estne
646 1654 872 1703 sub'hoc
907 1653 1122 1703 hominis
1159 1651 1421 1702 clementia
1456 1653 1645 1701 corde?

177 1734 328 1783 vincis
363 1734 412 1783 io
448 1734 693 1795 miserum,
732 1735 900 1794 vincis,
941 1737 1142 1794 Natura,
1181 1742 1450 1798 parentem.

178 1832 239 1864 en
274 1815 435 1864 habeo
469 1815 679 1878 gemitus
715 1811 1046 1878 lacrimaeque
1081 1831 1168 1878 per
1202 1813 1339 1862 arida
1374 1822 1577 1876 serpunt

176 1897 375 1944 vulnera
409 1904 458 1944 et
492 1895 543 1943 in
579 1895 740 1944 mollis
777 1895 996 1958 sequitur
1032 1911 1207 1943 manus
1249 1893 1402 1957 impia
1442 1896 1683 1957 planctus.

175 1975 382 2039 accipite
417 1975 649 2025 infandae
683 1976 811 2025 iusta
847 1975 1144 2038 exsequialia
1180 1974 1364 2034 mortis,
1753 1983 1835 2024 610

177 2058 398 2106 crudeles
433 2056 741 2120 nimiumque
776 2057 906 2106 mei!
954 2073 1047 2105 nec
1083 2073 1286 2105 noscere
1322 2064 1465 2103 natos

176 2136 564 2200 adloquiumque
599 2147 765 2201 aptare
800 2138 949 2198 licet;
995 2137 1091 2197 dic,
1129 2137 1278 2200 virgo,
1316 2135 1550 2199 precanti,

177 2235 325 2281 quem
360 2221 544 2268 teneo?
591 2236 691 2282 quo
727 2237 860 2268 nunc
895 2228 1078 2269 vestras
1114 2236 1206 2282 ego
1242 2234 1415 2267 saevus
1452 2219 1642 2266 honore

176 2316 443 2363 prosequar
479 2299 712 2349 inferias?
759 2317 789 2349 o
825 2300 865 2348 si
900 2300 1137 2349 fodienda
1171 2299 1390 2348 redirent

177 2380 364 2428 lumina
398 2389 447 2429 et
481 2380 533 2428 in
568 2383 730 2429 vultus
766 2381 950 2430 saevire
985 2399 1044 2431 ex
1079 2398 1215 2430 more
1250 2383 1503 2444 potestas!
1754 2387 1833 2440 615

178 2463 275 2510 heu
310 2462 465 2521 dolor,
503 2463 601 2510 heu
635 2461 765 2510 iusto
802 2462 954 2525 magis
990 2462 1219 2511 exaudita
1255 2461 1471 2525 parentis

176 2550 290 2591 vota
324 2544 580 2606 malaeque
615 2547 813 2607 preces!
862 2543 1088 2607 quisnam
1123 2543 1214 2591 fuit
1249 2542 1330 2591 ille
1365 2544 1586 2601 deorum,

230 2671 310 2720 588
330 2670 438 2721 nigri
451 2668 499 2707 N
505 2670 515 2692 ¹
597 2682 679 2720 592
699 2676 860 2709 crescat
882 2669 934 2721 (it
946 2670 1170 2721 suprascr.)
1186 2669 1231 2707 D
1311 2668 1498 2718 solisque
1509 2668 1663 2720 scripsi,
1680 2669 1726 2718 cf.
1749 2675 1832 2710 not.

177 2725 234 2763 ad
260 2725 318 2764 ix,
340 2736 390 2774 57
415 2723 617 2772 etloum.
635 2724 747 2764 Phil.
770 2725 856 2763 lviii
875 2738 884 2763 ε
914 2725 1101 2774 totisque
1119 2723 1231 2763 codd.
1254 2737 1262 2762 :
1295 2724 1504 2772 tostisque
1533 2723 1733 2762 Heinsius
1761 2725 1831 2776 (sc.

176 2778 496 2830 Phlegethonteas
511 2781 543 2828 Ζ)
668 2790 749 2828 593
777 2791 858 2828 que
878 2792 960 2817 om.
982 2778 1029 2816 N
1145 2780 1224 2827 598
1253 2777 1442 2816 destituit
1462 2776 1504 2815 A
1626 2779 1706 2826 603
1735 2778 1834 2817 dum

179 2833 353 2884 tractat]
375 2838 612 2872 contrectat
633 2833 672 2870 Α
687 2835 696 2854 ¹
716 2846 725 2871 ε
754 2834 960 2872 detrectat
976 2831 1044 2870 Α2
1152 2835 1233 2880 604
1254 2838 1367 2871 muta
1383 2831 1453 2870 diu
1468 2831 1682 2873 PBDN22
1703 2833 1834 2871 multa

180 2886 319 2927 furens
338 2886 526 2938 KN¹QS
635 2889 713 2938 607
745 2887 785 2926 io
804 2885 940 2926 PN22
970 2899 1036 2926 me
1056 2886 1126 2926 ωδ
1230 2888 1311 2937 609
1333 2892 1375 2926 et
1397 2885 1460 2938 in]
1483 2886 1564 2926 iarn
1585 2885 1698 2926 BD:
1727 2886 1771 2925 in
1793 2887 1833 2938 Q
