1884 3204
27 239 86 253 N—

100 125 158 173 P.
198 126 439 175 PAPINI
477 127 682 176 STATI

107 269 118 290 ‘
136 265 273 327 Quid
298 267 475 316 ,furtim
517 267 794 318 inlacrimas
813 271 860 318 ?’
912 274 923 296 ‘
939 272 1102 332 Illum,
1139 274 1419 322 venerande
1456 274 1726 339 Melampu,

102 348 188 411 qui
223 348 368 409 cadit,
405 352 654 412 agnosco.'
728 350 947 415 trepidos
981 352 1051 402 sic
1087 355 1219 403 mole
1253 353 1401 403 futuri

105 439 384 493 cunctaque
419 429 519 478 iam
555 448 717 480 rerum
752 442 885 482 certa
919 434 1012 483 sub
1047 433 1261 498 imagine
1295 452 1468 499 passos

102 519 255 559 terror
289 511 441 559 habet
475 520 611 560 vates
627 530 640 573 3
686 512 820 576 piget
854 513 1096 578 inrupisse
1130 517 1386 564 volantum

104 590 313 640 concilia
349 601 398 640 et
433 594 572 641 caelo
608 603 828 643 mentem
864 594 1125 645 insertasse
1160 597 1359 657 vetanti,
1685 618 1767 661 550

103 672 360 735 auditique
396 674 547 722 odere
583 675 719 723 deos.
791 678 927 725 unde
962 676 1054 725 iste
1088 693 1177 740 per
1211 679 1384 727 orbem

102 749 290 812 primus
325 751 518 799 venturi
554 751 743 801 miseris
778 753 1115 804 animantibus
1150 772 1295 819 aeger

100 831 252 880 crevit
285 834 461 880 amor?
502 831 739 881 divumne
773 835 898 882 feras
934 836 1031 883 hoc
1065 852 1262 896 munus,
1298 853 1363 884 an
1397 836 1505 900 ipsi,

99 927 220 974 gens
255 912 400 961 avida
435 923 484 962 et
518 923 659 981 parto
694 931 797 962 non
832 931 1071 978 umquam
1107 925 1234 965 stare
1269 917 1437 980 quieti,

100 992 334 1053 eruimuS,
369 1010 497 1056 quae
531 994 691 1057 prima
725 994 845 1055 dies,
884 995 971 1044 ubi
1006 996 1245 1046 terminus
1280 997 1402 1058 aevi,
1684 1021 1762 1062 555

101 1072 223 1136 quid
259 1073 421 1122 bonus
457 1073 539 1122 ille
574 1076 726 1123 deum
761 1075 968 1138 genitor,
1008 1076 1129 1139 quid
1165 1078 1320 1126 ferrea
1356 1079 1541 1128 Clotho

99 1153 320 1217 cogitet?
368 1154 486 1204 hinc
521 1156 673 1204 fibrae
709 1165 758 1205 et
793 1158 1050 1205 volucrum
1086 1174 1173 1221 per
1206 1158 1378 1208 nubila
1412 1176 1575 1209 sermo

97 1245 441 1300 astrorumque
477 1236 608 1286 vices
645 1247 1003 1302 numerataque
1038 1239 1229 1289 semina
1264 1242 1412 1290 lunae

98 1317 544 1382 Thessalicumque
580 1320 732 1368 nefas.
786 1328 837 1368 at
872 1336 976 1369 non
1011 1321 1143 1384 prior
1177 1338 1354 1371 aureus
1389 1323 1472 1372 ille

98 1399 295 1462 sanguis
331 1416 479 1448 avum
517 1400 834 1464 scopulisque
872 1411 1006 1451 satae
1041 1404 1120 1451 vel
1156 1403 1335 1453 robore
1369 1414 1540 1468 gentes
1682 1416 1764 1467 560

97 1480 348 1530 mentibus
383 1481 460 1530 his
495 1498 647 1543 usae3
694 1481 839 1531 silvas
873 1500 1014 1533 amor
1047 1500 1176 1533 unus
1211 1486 1522 1550 humumque

96 1562 380 1612 edomuisse
415 1579 598 1624 manu3
645 1563 767 1627 quid
803 1564 1015 1614 crastina
1048 1567 1266 1615 volveret
1300 1576 1435 1616 aetas

97 1645 220 1694 scire
255 1646 393 1694 nefas
429 1645 635 1694 homini.
697 1662 790 1695 nos
825 1663 1030 1710 pravum
1067 1656 1116 1696 et
1150 1647 1316 1697 flebile
1351 1651 1525 1713 vulgus

95 1726 298 1776 scrutari
333 1726 530 1790 penitus
565 1744 799 1791 superos:
846 1727 964 1777 hinc
998 1730 1156 1792 pallor
1190 1738 1239 1778 et
1273 1729 1387 1791 irae,

93 1807 211 1856 hinc
246 1809 406 1856 scelus
442 1807 750 1871 insidiaeque
786 1817 835 1857 et
869 1811 1006 1858 nulla
1040 1809 1285 1859 modestia
1318 1810 1434 1860 voti.
1679 1821 1760 1875 565

160 1891 293 1952 Ergo
328 1905 480 1937 manu
515 1888 659 1937 vittas
695 1890 1030 1952 damnataque
1064 1890 1245 1940 vertice
1281 1901 1409 1941 serta

93 1969 272 2034 deripit
306 1969 601 2033 abiectaque
635 1969 910 2019 inhonorus
946 1972 1122 2021 fronde
1157 1975 1388 2022 sacerdos

90 2051 250 2100 inviso
286 2052 350 2100 de
387 2060 558 2100 monte
592 2050 719 2100 redit
735 2069 749 2112 3
789 2050 887 2100 iam
924 2052 1054 2101 bella
1088 2053 1339 2117 tubaeque

91 2132 386 2193 comminus,
424 2133 758 2197 absentesque
793 2135 1010 2182 fremunt
1045 2134 1138 2183 sub
1173 2145 1374 2198 pectore
1398 2137 1619 2187 Thebae.

90 2215 172 2264 ille
207 2232 301 2264 nec
335 2224 592 2279 aspectum
629 2214 759 2279 vulgi
796 2232 890 2265 nec
926 2217 1027 2264 fida
1061 2216 1254 2280 tyranni
1675 2237 1757 2282 570

90 2297 358 2361 conloquia
391 2307 477 2346 aut
512 2307 683 2346 coetus
719 2309 980 2361 procerum
1016 2300 1240 2362 perferre,
1280 2301 1369 2348 sed
1403 2308 1508 2349 atra

90 2380 209 2429 sede
244 2378 359 2443 tegi,
395 2388 443 2428 et
479 2396 712 2443 superum
749 2381 946 2429 clausus
982 2388 1129 2444 negat
1163 2389 1274 2429 acta
1308 2381 1460 2430 fateri.

87 2470 136 2509 te
171 2461 334 2524 pudor
368 2469 417 2509 et
452 2477 598 2509 curae
632 2460 845 2509 retinent
880 2478 966 2525 per
1000 2478 1123 2521 rura,
1163 2463 1436 2526 Melampu.

142 2593 224 2642 546
250 2591 490 2630 inlacrimas
509 2591 614 2631 PLI.
637 2606 646 2630 :
675 2591 871 2630 lacrimas
890 2591 958 2631 ωδ
1043 2592 1254 2642 melampo
1277 2592 1317 2631 Ρ
1467 2604 1548 2643 547
1576 2597 1751 2644 agnosci

87 2645 131 2685 P
207 2658 325 2684 more
344 2645 392 2684 N
524 2647 606 2694 548
634 2646 715 2684 iam
737 2659 821 2685 om.
841 2646 921 2685 PB
944 2645 1058 2698 (add.
1082 2646 1135 2686 al.
1161 2660 1218 2686 m.
1239 2646 1298 2695 B)
1464 2659 1548 2698 550
1566 2655 1749 2689 mentem

87 2701 207 2740 caelo
240 2699 289 2739 N
395 2700 626 2739 incertasse
659 2701 837 2751 Barclay
1010 2713 1087 2750 551
1118 2701 1210 2751 ipse
1244 2700 1288 2739 P
1458 2714 1538 2752 553
1568 2703 1679 2743 seres
1709 2704 1758 2743 N

86 2768 167 2806 554
197 2761 318 2806 parto
340 2761 383 2794 et
401 2755 450 2793 N
625 2756 706 2804 558
734 2756 898 2794 semina
917 2755 997 2794 PA
1020 2770 1030 2794 :
1058 2756 1210 2795 semita
1233 2756 1326 2808 (-na
1344 2763 1437 2808 sup.
1459 2763 1520 2796 -ta
1540 2758 1658 2810 add.)
1677 2758 1727 2798 N
1741 2774 1751 2799 :

86 2810 236 2850 semita
254 2809 451 2859 BDKQ:
477 2814 699 2859 utramque
717 2810 798 2849 lect.
819 2811 1006 2861 agnoscit
1025 2810 1058 2849 L
1224 2813 1300 2860 561
1334 2811 1399 2850 his
1417 2825 1521 2851 usae
1548 2811 1614 2851 P:
1643 2813 1748 2853 haec

85 2877 215 2904 ausae
235 2865 310 2915 (he
329 2877 457 2903 cause
477 2863 540 2915 K>
557 2863 625 2903 ωδ
796 2866 876 2914 563
906 2877 1080 2915 parvum
1099 2864 1181 2903 PA
1380 2868 1461 2916 564
1489 2868 1665 2906 scrutari
1684 2867 1746 2908 P:

84 2918 260 2959 scrutati
294 2918 363 2958 ωδ
378 2932 387 2957 :
428 2925 663 2957 scrutamur
695 2918 782 2958 edd.
809 2924 899 2959 vett.
1175 2932 1252 2970 571
1283 2920 1427 2973 pferre
1454 2920 1526 2961 N:
1554 2922 1747 2972 proferre

89 2974 201 3024 (cum
223 2973 354 3024 gloss.
377 2972 666 3026 manifestare)
689 2973 732 3011 A
