1884 3204
962 73 1449 123 ACHILLEIDOS
1486 74 1701 123 LIBER
1737 73 1761 124 I

111 216 260 263 lustra
295 211 418 262 tibi:
465 229 552 276 per
587 228 679 276 ego
714 212 812 261 hoc
847 213 1000 261 decus
1037 220 1086 261 et
1119 222 1325 262 ventura
1359 211 1585 264 iuventae

109 292 302 358 gaudia,
341 291 382 341 si
417 301 565 341 terras
601 291 941 355 humilemque
976 301 1174 355 experta
1210 292 1439 342 maritum

110 383 158 423 te
192 381 402 437 propter,
442 371 482 421 si
517 371 828 436 progenitum
865 374 1039 435 Stygos
1074 388 1221 422 amne
1257 389 1427 445 severo

26 513 29 515 μ
108 452 291 503 armavi
326 452 608 517 (totumque
643 452 831 501 utinam
853 451 884 517 Σ)
921 469 1043 515 cape
1078 461 1183 501 tuta
1218 469 1479 517 parumper
1685 469 1763 515 270

108 532 324 596 tegmina
358 532 427 580 nil
462 532 685 581 nocitura
718 531 900 582 animo.
972 549 1059 581 cur
1092 549 1177 581 ora
1212 533 1442 582 reducis?

109 609 291 674 quidve
325 619 499 674 parant
532 609 702 659 oculi?
748 611 903 674 pudet
938 610 1035 658 hoc
1071 609 1327 659 mitescere
1362 612 1534 659 cultu?

47 751 49 754 Α
107 707 194 756 per
229 699 289 750 te,
329 707 439 739 care
473 707 608 754 puer,
645 699 855 754 cognata
888 707 976 754 per
1009 707 1225 754 aequora
1259 690 1378 751 iuro,

108 770 294 821 nesciet
328 773 425 819 hoc
461 770 679 821 Chiron.'
748 770 818 820 sic
854 770 1052 820 horrida
1085 780 1286 835 pectora
1321 780 1494 820 tractat

107 850 409 915 nequiquam
446 853 668 901 mulcens
685 870 699 913 3
746 853 910 901 obstat
944 851 1235 916 genitorque
1270 851 1461 916 roganti
1683 872 1761 915 275

107 931 413 996 nutritorque
448 931 620 995 ingens
656 941 705 982 et
740 934 892 982 cruda
927 932 1127 982 exordia
1162 949 1369 996 magnae

107 1012 302 1063 indolis.
374 1014 586 1063 effrenae
621 1013 868 1063 tumidum
904 1015 1038 1064 velut
1073 1013 1186 1078 igne
1220 1013 1449 1063 iuventae

107 1093 148 1143 si
183 1093 293 1158 quis
328 1110 513 1157 equum
548 1093 716 1158 primis
751 1094 1039 1144 submittere
1073 1098 1281 1159 temptet
1315 1094 1535 1155 habeniS‚

107 1175 189 1225 ille
224 1174 310 1224 diu
345 1174 532 1240 campis
567 1175 826 1239 fluviisque
861 1185 910 1225 et
945 1178 1134 1226 honore
1168 1177 1382 1239 superbo

105 1255 299 1320 gavisus
334 1273 437 1305 non
472 1259 599 1305 colla
632 1256 761 1320 iugo,
799 1274 902 1306 non
936 1273 1108 1320 aspera
1140 1257 1343 1320 praebet
1685 1266 1765 1305 280

109 1353 194 1386 ora
227 1336 356 1401 lupis
392 1337 682 1401 dominique
718 1337 879 1387 fremit
914 1337 1135 1400 captivus
1170 1337 1293 1386 inire

109 1418 314 1484 imperia
348 1427 496 1482 atque
531 1418 654 1468 alios
690 1418 891 1467 miratur
926 1417 1115 1467 discere
1151 1435 1334 1467 cursus.

178 1499 304 1562 Quis
340 1501 462 1549 deus
495 1499 733 1549 attonitae
767 1501 963 1548 fraudes
996 1508 1258 1562 astumque
1293 1497 1483 1562 parenti

110 1579 357 1630 contulit?
401 1580 669 1630 indocilem
704 1596 832 1644 quae
867 1597 1007 1629 mens
1043 1579 1250 1629 detraxit
1284 1574 1569 1630 Achillem?

30 1731 34 1734 Δ
110 1662 300 1712 Palladi
334 1662 534 1712 litoreae
570 1662 851 1712 celebrabat
886 1663 1060 1725 Scyros
1096 1663 1344 1711 honorum
1686 1670 1765 1723 285

108 1743 233 1792 forte
268 1742 419 1805 diem,
454 1743 751 1807 placidoque
787 1752 920 1792 satae
956 1744 1241 1805 Lycomede
1274 1759 1466 1792 sorores

109 1826 219 1874 luce
255 1841 392 1874 sacra
425 1824 609 1887 patriis,
645 1841 772 1888 quae
807 1841 912 1872 rara
945 1823 1157 1884 licentia,
1196 1823 1346 1872 muris

111 1904 327 1955 exierant
361 1907 478 1955 dare
512 1905 636 1954 veris
672 1922 793 1969 opes
829 1904 1071 1968 divaeque
1107 1921 1298 1954 severas

110 1988 286 2036 fronde
320 1985 468 2049 ligare
504 2002 673 2035 comas
708 1995 758 2035 et
793 2002 1017 2049 spargere
1052 1986 1253 2034 fioribus
1288 1987 1495 2035 hastam.

112 2067 345 2118 omnibus
381 2066 615 2116 eximium
650 2069 837 2117 formae
873 2069 1041 2127 decus,
1080 2066 1312 2116 omnibus
1348 2067 1482 2117 idern
1689 2088 1769 2130 290

111 2151 271 2200 cultus
307 2158 356 2199 et
391 2151 586 2213 expleto
621 2148 776 2198 teneri
810 2149 908 2198 iam
945 2150 1044 2197 fine
1079 2149 1282 2212 pudoris

112 2230 360 2294 virginitas
397 2239 587 2279 matura
623 2229 740 2279 toris
775 2230 993 2293 annique
1030 2239 1291 2279 tumentes.

50 2362 54 2363 ⁷
111 2313 200 2362 sed
235 2321 476 2375 quantum
509 2311 676 2361 viridis
711 2311 871 2375 pelagi
905 2314 1077 2360 Venus
1112 2311 1282 2360 addita
1318 2313 1576 2376 Nymphas

112 2393 288 2455 obruit,
326 2403 411 2443 aut
446 2393 626 2442 umeris
662 2402 903 2456 quantum
941 2393 1104 2441 Diana
1138 2392 1368 2456 relinquit

114 2475 315 2536 NaidaS‚
355 2477 552 2539 effulget
587 2484 780 2524 tantum
816 2474 983 2538 regina
1018 2474 1187 2524 decori
1559 2521 1562 2523 ,
1690 2496 1769 2539 295

167 2606 246 2655 267
275 2605 386 2644 lusta
413 2603 457 2642 P
558 2604 730 2643 iubente
750 2602 792 2640 P
925 2604 1006 2653 276
1035 2603 1234 2655 magnae]
1258 2609 1432 2642 manent
1459 2603 1502 2642 P
1528 2602 1594 2654 (qfi
1632 2603 1674 2644 ii.
1698 2605 1770 2655 84)

116 2659 226 2698 unde
251 2664 423 2698 manant
442 2658 581 2704 Klotz,
608 2657 909 2707 haudfeliciler
1072 2660 1152 2708 278
1181 2658 1476 2698 subminittere
1505 2658 1547 2697 E
1693 2660 1770 2698 281

114 2713 255 2753 fremit
282 2713 349 2752 P:
391 2713 524 2763 gemit
551 2712 621 2752 Εω
839 2713 918 2761 285
947 2711 1157 2751 celerabat
1188 2712 1226 2762 Q
1407 2713 1611 2752 honorem
1639 2711 1769 2752 Prisc.

114 2769 193 2817 287
223 2782 249 2807 a
269 2767 415 2818 patriis
443 2767 485 2805 E
644 2767 724 2806 288
753 2767 882 2806 versis
910 2766 952 2805 P
1085 2768 1166 2817 289
1195 2779 1335 2806 comas
1353 2767 1489 2818 ligare
1517 2766 1560 2805 P
1694 2780 1773 2818 293

115 2821 253 2872 pelagi
273 2822 428 2861 virides
455 2821 498 2859 E
595 2821 784 2871 nympha
812 2820 854 2859 P
1014 2834 1096 2872 294
1124 2820 1293 2872 reliquit
1319 2821 1361 2860 E
1510 2833 1589 2873 295
1619 2821 1773 2861 decoro

118 2875 175 2930 (et
190 2877 272 2928 296
300 2876 449 2930 choro)
471 2874 513 2914 E
529 2876 637 2916 unde
657 2876 832 2927 offulget
850 2875 1023 2916 conicias
