1884 3204
865 84 1277 134 THEBAIDOS
1315 85 1529 131 LIBER
1565 85 1698 132 VIII

50 233 246 300 squalor
278 238 326 280 et
360 226 547 291 indigni
583 225 902 275 commendat
935 222 1087 287 gratia
1122 224 1293 271 luctus.

0 323 1 360 1
50 311 155 379 ipse
188 326 385 375 quoque
419 306 654 371 egregiuS,
690 322 781 354 nec
817 313 1016 367 pectora
1051 302 1246 366 virginis
1283 301 1351 350 illi

0 395 1 451 ζ
51 392 252 451 diversa,
289 389 437 452 inque
472 386 643 445 vicem,
682 384 861 433 sineret
896 385 1104 442 fortuna,
1142 382 1418 446 placebant.
1619 387 1701 438 560

0 454 1 506 Ῑ
51 473 180 524 bella
211 477 376 519 vetant
410 468 592 526 taedas,
630 463 894 527 iuvenique
931 463 1047 511 hinc
1085 462 1240 511 maior
1275 462 1324 510 in
1361 460 1517 510 hostis

12 545 14 547 ’
44 548 120 601 ita
133 566 148 610 ;
191 546 285 596 ruit
319 543 485 610 primis
517 541 769 592 immixtus
804 550 854 590 et
883 539 1084 603 agmina
1120 541 1309 588 Lernae

0 627 2 689 ῗ
49 633 182 682 nunc
215 627 366 691 pedes
402 641 519 674 ense
554 639 690 686 vago,
730 620 917 685 prensis
953 636 1086 668 nunc
1123 621 1282 668 celsus
1312 608 1541 678 habenis,

50 725 140 772 ceu
175 715 430 771 spectetur,
468 704 579 768 agit.
652 702 828 766 triplici
863 703 1105 751 velaverat
1141 709 1273 749 ostro

50 786 288 853 surgentis
325 785 596 836 etiamnum
634 800 830 833 umeros
867 791 916 832 et
951 782 1076 831 levia
1111 790 1280 836 mater,
1621 787 1698 840 565

47 877 278 937 pectora,
326 883 458 916 nunc
492 882 612 915 auro
647 867 871 929 phaleras
906 879 1126 927 auroque
1162 861 1358 926 sagittas

49 950 339 1014 cingulaque
375 956 423 996 et
459 946 688 1006 manicas,
726 962 790 995 ne
825 944 1035 1008 coniuge
1070 943 1209 992 vilior
1243 943 1346 1002 iret,

50 1038 285 1098 presserat
321 1037 369 1078 et
405 1027 612 1076 mixtum
649 1043 778 1076 cono
814 1025 1106 1088 crispaverat
1140 1040 1327 1072 aurum.

39 1109 229 1163 ‘talibus
265 1110 395 1158 heu!
445 1109 603 1157 fidens
642 1115 783 1155 vocat
818 1108 947 1154 ultro
982 1105 1033 1153 in
1068 1104 1254 1168 proelia
1291 1103 1497 1153 Graios:

48 1207 106 1242 mc
140 1189 351 1254 primurn
388 1188 438 1237 in
475 1187 628 1237 facilis
663 1196 906 1251 grassatus
943 1185 1147 1249 cuspide
1183 1194 1367 1233 turmas
1623 1201 1703 1246 570

47 1286 183 1321 arma
216 1271 359 1318 refert
395 1268 539 1318 sociis
576 1277 623 1317 et
659 1267 709 1316 in
745 1267 941 1331 agmina
977 1268 1088 1326 fida,
1127 1275 1324 1329 peracta

50 1351 214 1410 caede,
251 1349 388 1399 redit.
460 1349 529 1398 sic
566 1351 800 1411 Hyrcana
834 1350 913 1396 leo
949 1346 1157 1410 Caspius
1194 1346 1368 1394 umbra

50 1433 212 1481 nudus
246 1432 409 1480 adhuc
445 1431 680 1492 nulloque
716 1428 861 1478 iubae
897 1427 1120 1476 flaventis
1156 1428 1344 1475 honore

50 1511 272 1563 terribilis
309 1510 571 1574 magnique
607 1509 878 1558 etiamnum
915 1506 1165 1570 sanguinis
1202 1507 1384 1566 insons,

50 1590 183 1639 haud
217 1590 387 1652 procul
421 1605 451 1636 a
486 1586 689 1636 stabulis
725 1594 890 1650 captat
925 1586 1133 1634 custode
1168 1594 1359 1633 remoto
1621 1603 1700 1647 575

49 1686 198 1734 segne
231 1685 382 1734 pecus
418 1677 682 1731 teneraque
717 1669 898 1716 famem
935 1665 1182 1715 consumit
1217 1665 1268 1713 in
1303 1682 1440 1729 agna.

50 1766 166 1800 mox
198 1749 420 1814 ignotum
455 1748 601 1797 armis
637 1765 694 1797 ac
730 1750 836 1797 s'olo
872 1764 1076 1810 corpore
1113 1763 1311 1795 mensus

51 1830 222 1894 Tydea
257 1846 359 1878 non
393 1828 568 1888 timuit,
606 1827 860 1891 fragilique
895 1829 1133 1875 lacessere
1169 1828 1267 1875 telo

19 1904 24 1908 ⁴
52 1911 245 1974 saepius
279 1909 640 1958 infrendentem
675 1907 781 1956 aliis
816 1907 1038 1971 aliosque
1073 1916 1363 1971 sequentem

51 2007 198 2040 ausus
233 1999 348 2039 erat.
420 1991 620 2038 tandem
657 1988 897 2037 invalidos
934 1990 1140 2037 Aetolus
1165 1990 1240 2037 ad
1275 1988 1400 2036 ictus
1625 1996 1706 2049 580

53 2073 176 2121 forte
210 2073 354 2120 refert
389 2072 559 2119 oculos
595 2078 644 2119 et
678 2069 988 2118 formidabile
1023 2069 1187 2118 ridens

56 2153 389 2200 ‘Iamdudum
423 2150 583 2210 video,
621 2167 854 2213 magnum
890 2149 1040 2213 cupis,
1079 2150 1317 2214 improbe,
1354 2150 1439 2199 leti

54 2234 264 2282 nomen'
299 2231 366 2280 ait
382 2250 396 2292 3
442 2231 587 2279 simul
621 2232 860 2280 audacem
896 2247 999 2280 non
1034 2248 1152 2280 ense
1187 2248 1279 2280 nec
1314 2232 1454 2280 hasta

53 2312 280 2376 dignatus
314 2311 482 2361 leviter
515 2311 677 2375 digitis
711 2311 910 2361 imbelle
944 2311 1115 2360 solutis

53 2393 233 2443 abiecit
267 2392 514 2441 iaculum:
560 2393 770 2441 latebras
806 2401 971 2441 tamen
1007 2391 1221 2455 inguinis
1257 2394 1354 2441 alte
1625 2403 1700 2455 585

55 2474 251 2534 missile,
289 2490 380 2523 ceu
416 2474 530 2523 totis
565 2473 799 2523 intortum
834 2474 1030 2534 viribus,
1068 2474 1244 2522 hausit.

36 2610 39 2613 '
107 2615 189 2654 559
215 2616 369 2654 egreus
388 2603 431 2641 P
588 2604 670 2653 560
696 2603 884 2654 sinerent
902 2602 945 2641 P
1050 2603 1241 2654 placebat
1258 2603 1318 2641 Pl
1482 2605 1562 2654 566
1592 2617 1705 2645 nunc

53 2657 178 2708 PQ²z
215 2663 316 2696 tunc
346 2657 415 2696 ωδ
573 2669 654 2707 570
682 2658 860 2708 primum
892 2657 987 2696 ωδε
1027 2658 1202 2708 primam
1231 2657 1316 2699 P12
1359 2659 1535 2708 primam
1568 2659 1609 2698 in
1642 2659 1704 2698 P2

54 2711 197 2766 faciles
215 2710 348 2750 P2w5
360 2726 370 2751 ε
399 2711 508 2750 facili
527 2711 587 2749 P1
696 2718 915 2761 grassatur
932 2711 974 2749 P
1132 2724 1207 2761 571
1239 2718 1410 2761 peracta
1430 2713 1498 2752 ωδ
1516 2727 1525 2753 :
1559 2720 1706 2753 coacta

55 2765 98 2804 P
281 2778 359 2815 573
387 2765 528 2816 iubae]
550 2765 663 2805 iuvat
682 2765 724 2803 P
896 2778 973 2816 575
1003 2771 1076 2804 aut
1095 2765 1137 2803 P
1242 2767 1401 2806 stavilis
1420 2767 1463 2805 P
1622 2769 1704 2817 576

56 2821 265 2860 consumit
278 2820 320 2858 in
337 2819 557 2873 (suprascr.
575 2820 835 2870 depascitur)
853 2820 893 2858 D
911 2834 920 2859 :
941 2820 1180 2869 depascitur
1192 2820 1239 2858 N
1251 2820 1347 2861 Cod.
1367 2820 1511 2874 Magd.
1624 2834 1702 2871 577

57 2874 246 2925 pondere
264 2874 309 2914 D
470 2874 549 2924 578
578 2874 782 2924 ssacilique
800 2873 842 2912 P
999 2876 1080 2924 580
1108 2875 1182 2927 ad]
1204 2875 1247 2914 in
1268 2876 1308 2926 Q
