1884 3204
969 57 1378 105 THEBAIDOS
1415 58 1630 105 LIBER
1667 60 1741 106 IV
1796 72 1800 76 ·

94 205 198 246 tum
231 196 331 244 fera
364 192 596 242 caeruleis
631 191 802 240 intexit
836 207 1021 240 cornua
1054 191 1192 240 sertis

93 275 197 340 ipse
231 290 379 323 manu
414 281 639 331 tractans,
674 280 921 334 notaeque
954 271 1005 318 in
1040 271 1195 319 limite
1229 271 1377 320 silvae
1659 297 1681 332 4
1690 294 1739 333 50

66 340 330 420 *principio
363 355 520 416 largos
554 351 759 400 noviens
794 353 966 400 tellure
1000 360 1170 399 cavata

91 434 292 485 inclinat
327 432 509 482 Bacchi
543 431 711 480 latices
747 440 796 480 et
831 447 1035 479 munera
1069 430 1205 480 verni

90 515 226 565 lactis
261 523 309 563 et
342 515 555 562 Actaeos
589 511 758 560 imbris
794 512 1102 574 suadumque
1137 527 1359 560 cruorem

59 653 63 656 ,
91 594 350 654 manibus;
393 592 651 656 adgeritur,
689 601 929 655 quantum
963 591 1090 640 bibit
1123 590 1259 640 arida
1293 593 1450 640 tellus.

89 685 259 726 trunca
293 674 475 723 dehinc
510 689 714 722 nemora
746 674 1030 731 advolvunt,
1069 681 1384 734 maestusque
1419 674 1647 722 sacerdos

88 748 171 807 'tris
207 757 429 804 Hecatae
463 754 771 817 totidemque
806 753 922 802 satis
956 754 1240 801 Acheronte
1273 754 1465 801 nefasto
1656 778 1679 814 4
1686 763 1736 814 56

75 835 350 900 ⁴virginibus
384 834 521 883 iubet
555 851 662 883 esse
694 835 864 894 focos3
909 832 1014 894 tibi,
1049 842 1207 881 rector
1239 832 1436 891 Averni,

54 964 58 968 .
87 932 385 981 quamquam
420 914 633 964 infossus
668 916 822 962 humo
858 922 1054 977 superat
1076 922 1242 961 tamen
1276 930 1421 976 agger
1455 912 1505 961 in
1540 931 1680 963 auras

0 1054 2 1063 .
86 996 290 1061 pineus;
338 997 470 1044 hunc
505 995 637 1044 iuxta
672 996 872 1043 cumulo
908 993 1068 1042 minor
1101 1010 1184 1042 ara
1217 995 1491 1056 profundae

85 1075 279 1139 erigitur
313 1075 478 1126 Cereri
494 1093 508 1135 3
547 1074 718 1124 frontis
752 1083 901 1137 atque
935 1090 1084 1123 omne
1118 1090 1376 1136 cupressus
1654 1083 1737 1135 460

85 1155 255 1206 intexit
289 1158 476 1219 plorata
511 1158 649 1204 latus.
722 1155 920 1218 iamque
954 1156 1108 1203 ardua
1142 1156 1268 1203 ferro

84 1236 258 1300 signati
293 1236 453 1299 capita
487 1245 535 1285 et
568 1238 761 1299 frugum
795 1235 1030 1284 libamine
1065 1251 1188 1297 puro

84 1315 135 1366 in
168 1318 344 1365 vulnus
378 1316 600 1365 cecidere
635 1332 831 1379 greges;
877 1324 996 1363 tunc
1030 1314 1218 1363 innuba
1255 1316 1431 1363 Manto

84 1406 341 1460 exceptum
376 1395 554 1459 pateris
589 1395 825 1458 praelibat
860 1411 1092 1458 sanguen,
1131 1403 1180 1443 et
1215 1396 1377 1442 omnis

83 1486 156 1527 ter
188 1477 370 1526 circum
405 1486 515 1525 acta
549 1492 690 1539 pyras
725 1474 882 1524 sancti
916 1476 980 1524 de
1015 1491 1151 1523 more
1185 1475 1400 1536 parentis
1651 1484 1732 1536 465

84 1557 352 1607 semineces
388 1557 532 1606 fibras
569 1566 617 1605 et
651 1557 815 1605 adhuc
851 1555 1083 1619 spirantia
1117 1555 1279 1604 reddit

81 1638 277 1696 viscera,
315 1654 407 1686 nec
441 1636 633 1701 rapidas
668 1645 925 1685 cunctatur
958 1634 1215 1685 frondibus
1250 1635 1365 1684 atris

83 1718 354 1768 subiectare
388 1720 532 1767 faces.
603 1726 752 1780 atque
786 1717 891 1780 ipse
927 1716 1152 1766 sonantia
1187 1716 1397 1765 flammis

82 1798 285 1862 virgulta
319 1807 367 1847 et
401 1798 547 1847 tristis
582 1797 827 1860 crepuisse
861 1807 915 1846 ut
950 1797 1102 1846 sensit
1134 1813 1334 1846 acervos

11 1883 14 1886 '
81 1877 292 1928 Tiresias
328 1878 418 1940 (illi
453 1895 568 1926 nam
602 1878 839 1940 plurimus
871 1879 1018 1927 ardor
1050 1879 1249 1926 anhelat
1650 1894 1733 1939 470

81 1967 196 2008 ante
229 1975 378 2022 genas
412 1958 681 2021 impletque
715 1974 861 2006 cavos
895 1974 1047 2020 vapor
1079 1957 1251 2020 igneus
1287 1956 1456 2023 orbis),

82 2041 321 2088 exclamat
356 2039 617 2102 (tremuere
651 2038 755 2100 rogi
790 2047 838 2086 et
872 2055 967 2087 vox
1001 2037 1169 2086 terruit
1203 2037 1387 2101 ignem)
1413 2057 1422 2085 ε

85 2123 97 2145 ‘
121 2121 381 2168 Tartareae
416 2121 558 2168 sedes
593 2127 642 2167 et
675 2118 985 2167 formidabile
1020 2135 1224 2181 regnum

83 2198 250 2247 mortis
285 2198 571 2262 inexpletae,
608 2208 774 2262 tuque,
813 2215 843 2247 o
879 2198 1158 2247 saevissime
1193 2199 1407 2257 fratrum,

82 2279 162 2328 cui
197 2278 372 2328 servire
407 2279 508 2328 dati
543 2295 712 2327 manes
747 2289 1043 2342 aeternaque
1079 2287 1277 2327 sontum
1649 2296 1728 2339 475

80 2358 318 2422 supplicia
352 2369 499 2422 atque
534 2358 620 2407 imi
655 2361 916 2407 famulatur
950 2359 1081 2422 regia
1116 2358 1305 2418 mundi,

79 2439 251 2488 solvite
285 2439 498 2502 pulsanti
533 2441 642 2488 loca
676 2449 814 2488 muta
847 2449 896 2488 et
930 2439 1076 2487 inane
1112 2456 1308 2488 severae

131 2570 212 2616 456
240 2567 431 2607 nefastos
463 2566 636 2617 BQA1:
677 2567 857 2607 nefando
885 2566 950 2605 Α2
1114 2579 1192 2617 457
1231 2568 1345 2606 iuvet
1374 2567 1417 2605 P
1577 2568 1657 2617 458
1685 2570 1727 2607 in

76 2622 186 2660 arvis
204 2621 247 2659 P
360 2623 442 2670 460
471 2622 628 2660 frontes
647 2621 772 2671 BDQ
792 2635 801 2660 :
829 2622 1001 2661 frondes
1020 2621 1112 2669 ΡΝ,
1135 2621 1183 2660 de
1197 2621 1278 2660 KS
1298 2635 1382 2660 non
1401 2622 1526 2671 liquet
1646 2625 1723 2670 461

75 2675 233 2732 piola-ta
259 2676 300 2714 P
472 2678 552 2724 464
582 2688 769 2724 sanguen
802 2675 871 2714 P:
913 2677 1164 2725 sanguinem
1198 2681 1279 2714 cett.
1446 2677 1526 2724 468
1555 2676 1648 2725 ipsa
1680 2675 1726 2713 D

76 2741 155 2778 472
182 2728 283 2767 truit
302 2728 370 2767 P:
398 2729 546 2768 terruit
561 2729 647 2766 DA
671 2730 895 2780 (suprascr.
917 2730 1084 2780 impulit
1102 2729 1164 2779 D)
1184 2744 1194 2769 z
1222 2729 1387 2779 impulit
1407 2734 1488 2768 cett.
1645 2733 1725 2779 476

75 2783 145 2821 uni
168 2783 277 2833 (cum
288 2782 415 2833 gloss.
439 2783 525 2835 cui)
546 2783 588 2821 A
703 2795 781 2833 477
802 2783 915 2835 loca]
926 2783 1032 2834 fort.
1053 2784 1156 2835 sola,
1179 2784 1227 2833 qs.
1250 2784 1276 2824 i.
1300 2795 1352 2833 55
