1884 3204
172 4 225 50 P.
265 2 507 51 ΡΑΡΙΝΙ
544 2 750 51 STATI

170 150 255 190 aut
290 141 495 190 thalami
529 150 745 190 secretus
780 143 955 203 honos,
994 141 1075 190 cui
1110 141 1322 206 coniuge
1356 149 1530 205 pectus

86 283 91 287 ι
172 222 399 286 intepuit,
435 222 575 271 cuius
609 222 735 271 vidit
770 222 962 271 Lucina
995 223 1202 283 laereS,

173 302 341 364 dicite,
376 305 454 352 vel
489 303 645 352 iustos
682 302 822 352 cuius
857 303 1105 367 pulsantia
1140 303 1324 352 mensis
1758 321 1832 363 115
1882 351 1884 355 Α

171 393 287 433 vota
321 393 529 444 tument,
567 401 666 447 qua
700 401 824 448 pace
858 387 982 433 feras
1018 387 1343 447 volucresque
1377 382 1531 447 iugari

173 480 282 513 mos
317 466 502 513 datus?
547 466 646 514 heu
683 469 886 529 segnes!
934 464 1161 529 potuitne
1196 463 1387 513 ultricia
1423 463 1599 514 Graius

173 545 440 609 virginibus
477 547 593 596 dare
629 547 727 594 tela
762 555 900 610 pater
933 548 1191 609 laetusque
1227 547 1455 594 dolorum

173 626 411 690 sanguine
447 644 645 676 securos
680 627 916 676 iuvenum
951 629 1245 691 perfundere
1281 643 1484 676 somnos
1502 628 1525 674 ?
1655 682 1660 687 ⁸

172 717 222 756 at
258 725 350 757 nos
385 710 558 771 vulgus
593 708 763 757 iners?
809 710 946 770 quod
983 708 1023 756 si
1057 708 1372 772 propioribus
1406 707 1529 756 actis
1755 726 1839 757 120
1875 721 1878 724 ’

173 798 247 838 est
283 806 422 852 opus,
461 805 578 837 ecce
612 788 806 837 animos
841 790 1020 837 doceat
1056 789 1357 852 Rhodopeia
1390 788 1620 848 coniunx,

174 872 277 918 ulta
312 886 463 917 manu
499 871 743 918 thalamos
779 869 1057 933 pariterque
1092 871 1290 933 epulata
1324 869 1514 918 marito.

174 967 268 999 nec
303 966 391 999 vos
426 949 663 998 immunis
700 952 941 999 scelerum
977 967 1209 1000 securave
1245 967 1404 1014 cogo:

163 1034 322 1094 ⁵plena
357 1029 480 1079 mihi
517 1032 696 1079 domus
733 1040 883 1094 atque
917 1031 1105 1095 ingens,
1145 1049 1208 1081 en
1243 1031 1443 1092 cernite,
1481 1034 1645 1082 sudor.
1869 1095 1884 1104 .

175 1121 406 1176 quattuor
440 1113 533 1160 hos
569 1129 681 1171 una,
721 1113 875 1161 decus
911 1121 961 1161 et
996 1112 1179 1161 solacia
1213 1112 1378 1177 patris,
1759 1132 1838 1176 125
1873 1114 1884 1170 ’ἶ

175 1194 225 1242 in
260 1192 461 1258 gremio,
500 1192 615 1242 licet
650 1195 881 1256 amplexu
916 1193 1229 1257 lacrimisque
1265 1203 1534 1256 morentur,

175 1274 506 1337 transadigam
542 1277 668 1323 ferro
705 1274 995 1338 saniemque
1030 1284 1079 1324 et
1113 1277 1316 1324 vulnera
1349 1277 1551 1324 fratrum

176 1356 399 1405 miscebo
434 1365 725 1419 patremque
761 1373 908 1419 super
943 1352 1241 1420 spirantibus
1276 1357 1474 1406 addam.

178 1454 335 1501 ecqua
371 1446 445 1486 tot
480 1436 531 1484 in
568 1436 734 1485 caedis
770 1436 994 1485 animum
1029 1436 1271 1500 promittit
1290 1438 1350 1486 ?''
1391 1437 1568 1500 agebat
1875 1498 1878 1500 v

175 1518 431 1582 pluribus3
473 1519 681 1566 adverso
717 1517 971 1566 nituerunt
1005 1520 1115 1567 vela
1149 1518 1432 1582 profundo:
1765 1537 1846 1578 130
1867 1519 1884 1592 ξ

179 1599 389 1648 Lemnia
423 1598 592 1647 classis
628 1608 742 1647 erat.
815 1599 976 1663 rapuit
1011 1599 1177 1663 gavisa
1213 1601 1399 1662 Polyxo

178 1682 426 1729 fortunam
462 1688 612 1742 atque
647 1679 818 1728 iterat:
870 1680 1179 1744 “Superisne
1215 1680 1508 1729 vocantibus
1544 1682 1672 1729 ultro

179 1763 457 1811 desumus?
506 1777 623 1809 ecce
659 1764 816 1810 rates!
864 1763 987 1810 deus
1020 1763 1126 1820 hos,
1166 1763 1289 1810 deus
1325 1763 1455 1810 ultor
1489 1761 1540 1809 in
1575 1760 1670 1810 iras

178 1844 407 1906 adportat
442 1840 734 1904 coeptisque
768 1843 911 1890 favet.
985 1859 1079 1890 nec
1114 1841 1277 1905 imago
1313 1841 1492 1905 quietis

178 1941 305 1973 vana
339 1939 509 1971 meae:
557 1924 696 1971 nudo
731 1923 923 1972 astabat
958 1925 1130 1972 Venus
1166 1940 1298 1983 ense,
1336 1923 1492 1972 videri
1771 1927 1862 1987 135'

179 2007 309 2055 clara
344 2003 467 2052 mihi
503 2021 807 2067 somnosque
843 2021 989 2068 super
1028 2004 1197 2067 ‘Quid
1232 2004 1436 2068 perditis
1470 2007 1711 2054 aevum?'

180 2085 342 2149 inquit
382 2089 393 2111 ‘
411 2102 501 2149 age
536 2084 717 2134 aversis
754 2087 1000 2135 thalamos
1035 2095 1239 2150 purgate
1275 2085 1474 2149 maritis.

181 2169 288 2232 ipsa
322 2169 455 2215 faces
491 2166 610 2215 alias
647 2166 951 2230 melioraque
986 2169 1188 2216 foedera
1222 2166 1455 2231 iungam.'

181 2249 316 2309 dixit,
356 2258 405 2297 et
439 2250 537 2297 hoc
571 2250 753 2297 ferrum
790 2248 962 2307 stratis,
1002 2250 1114 2308 hoc,
1152 2248 1352 2308 credite,
1389 2250 1571 2297 ferrum

183 2329 432 2395 imposuit.
507 2329 627 2393 quin
664 2346 695 2378 o
732 2329 952 2390 miserae,
992 2331 1114 2379 dum
1150 2339 1346 2394 tempus
1382 2329 1460 2394 agi
1494 2346 1613 2390 rem,
1768 2349 1856 2390 14⁹·

241 2472 317 2509 113
347 2458 518 2498 thalami
551 2457 664 2497 PD:
710 2457 906 2497 thalamis
937 2457 1111 2508 BKQN
1216 2459 1283 2498 cui
1320 2458 1406 2497 ΡΒ
1437 2457 1485 2508 (†
1505 2459 1581 2511 qd)
1614 2457 1688 2499 D:
1733 2471 1854 2516 quo

182 2513 371 2566 NQKS
383 2513 417 2564 2]
436 2527 446 2552 t
467 2525 576 2563 quae
594 2513 636 2551 Β
652 2527 661 2551 :
681 2525 764 2562 quo
784 2512 826 2550 A
999 2525 1075 2562 115
1107 2514 1327 2563 poscentia
1350 2512 1525 2552 Wilkms
1634 2514 1778 2554 iusto.

183 2569 387 2619 pubentia
405 2580 554 2606 mense
575 2567 824 2618 temptabam
939 2580 1013 2617 117
1035 2568 1165 2617 graiis
1187 2567 1227 2618 Q
1338 2579 1417 2606 120
1436 2568 1691 2619 interpunxit
1712 2567 1768 2606 ΡΙ
1762 2581 1797 2607 e
1842 2595 1852 2602 =

189 2635 264 2673 127
283 2622 447 2661 viscera
466 2622 601 2660 Barth
744 2622 821 2660 128
848 2622 973 2660 simul
997 2623 1222 2672 (suprascr.
1249 2635 1319 2661 rec.
1342 2636 1400 2661 m.
1424 2622 1570 2672 super)
1591 2621 1653 2660 Ρ
1770 2633 1849 2673 129

186 2690 287 2716 ecce
311 2676 412 2726 129²
582 2687 658 2725 135
686 2676 800 2714 nuda
827 2676 965 2714 stabat
993 2675 1036 2714 P
1060 2676 1169 2714 unde
1197 2677 1312 2715 nudo
1341 2676 1502 2715 astabat
1529 2676 1702 2728 scripsi:
1734 2676 1871 2716 nudo

186 2732 325 2770 stabat
343 2734 422 2769 cett.
582 2731 659 2779 136
688 2742 922 2779 somnoque
940 2730 984 2768 P
1139 2743 1217 2780 140
1245 2731 1313 2780 agi
1333 2730 1564 2769 Heinsius:
1592 2733 1682 2780 agit
1701 2729 1847 2773 codd.·
1865 2768 1867 2770 .

186 2786 275 2835 agit
295 2798 345 2823 ex
373 2782 465 2822 V
398 2797 473 2834 νὸ
492 2783 599 2823 Aen.
620 2797 660 2823 V.
681 2785 761 2832 638
781 2790 949 2835 tempus
969 2785 1056 2835 agit
1076 2798 1167 2824 rem
1189 2784 1287 2835 (cod.
1312 2784 1437 2824 Rom.
1444 2785 1569 2837 >fort.
1588 2785 1704 2824 huc'
1685 2797 1789 2824 mre
1808 2783 1837 2812 κ’

190 2852 375 2890 140-219
401 2852 445 2877 m
474 2837 517 2876 B
544 2839 598 2877 al.
630 2852 687 2878 m.
716 2839 860 2890 script:
