1884 3204
104 80 158 127 P.
197 79 440 127 PAPINI
479 79 686 129 STATI

105 220 275 267 florem
311 217 504 268 animi?
549 237 653 268 non
689 222 787 270 tela
821 222 935 271 licet
973 222 1219 272 Mavortia
1253 225 1436 285 dextra,

105 317 206 349 non
242 300 459 363 trepidas
493 300 676 364 agitare
710 303 848 352 feras.
921 304 1009 353 ubi
1043 321 1248 367 campus
1285 314 1334 355 et
1367 322 1540 355 amnes

109 381 421 430 Haemonii?
467 381 728 445 quaerisne
764 400 916 443 meos,
956 385 1204 448 Sperchie,
1243 395 1439 435 natatus

107 461 471 525 promissasque
506 466 722 513 comas?
769 482 834 513 an
871 465 1132 515 desertoris
1167 467 1355 515 alumni

104 545 267 592 nullus
303 544 506 592 honos?
552 544 842 609 Stygiasque
876 549 1049 610 procul
1084 547 1183 596 iam
1219 557 1386 611 raptus
1421 550 1486 598 ad
1522 549 1722 599 umbras

104 625 243 674 dicor
278 635 327 674 et
362 626 563 674 orbatus
599 626 785 690 plangit
821 644 933 678 mea
966 629 1139 677 funera
1175 629 1404 679 Chiron?
1692 639 1773 691 631

106 716 159 755 tu
195 723 330 755 nunc
366 709 464 755 tela
499 724 664 767 manu,
703 717 900 756 nostros
935 717 990 756 tu
1026 709 1206 772 derigis
1242 727 1384 759 arcus

104 787 413 851 nutritosque
449 788 572 836 mihi
606 789 818 849 scandis,
858 791 1096 850 Patrocle,
1133 790 1306 854 iugalis
1335 810 1346 841 ε

106 879 181 918 ast
217 886 309 932 ego
345 868 623 933 pampineis
659 869 938 918 diffundere
974 871 1206 919 bracchia
1241 872 1418 935 thyrsis

106 959 154 999 et
189 959 393 999 tenuare
428 951 566 999 colos
604 949 780 1014 (pudet
814 951 939 999 haec
974 952 1240 1014 taedetque
1275 953 1436 1017 fateri)
1697 963 1776 1016 635

106 1032 204 1080 iam
241 1031 358 1080 scio.
432 1030 553 1094 quin
589 1030 738 1080 etiam
769 1026 986 1080 ‘dilectae
1020 1031 1218 1094 virginis
1253 1032 1419 1096 ignem

103 1129 508 1176 aequaevamque
542 1114 702 1161 facem
738 1122 913 1176 captus
946 1122 1220 1176 noctesque
1255 1114 1462 1178 diesque

106 1193 400 1243 dissimulas.
475 1210 695 1257 quonam
732 1210 889 1257 usque
924 1210 1120 1257 premes
1155 1195 1347 1244 urentia
1381 1205 1554 1260 pectus

106 1278 308 1325 vulnera
343 1284 492 1338 teque
529 1291 714 1323 marem
753 1274 929 1339 (pudet
964 1276 1062 1324 heu
1083 1275 1114 1340 Ξ)
1150 1293 1244 1325 nec
1278 1293 1447 1326 amore
1481 1277 1765 1341 probaris?'

175 1357 256 1406 Sic
291 1356 389 1417 ait;
436 1366 485 1405 et
520 1357 677 1405 densa
712 1355 872 1405 noctis
907 1355 1101 1419 gavisus
1137 1356 1188 1405 in
1225 1358 1401 1407 umbra
1695 1366 1780 1419 640

109 1438 402 1502 tempestiva
437 1437 536 1486 suis
573 1446 767 1501 torpere
802 1437 997 1486 silentia
1031 1437 1171 1487 furtis

107 1520 154 1568 vi
190 1519 375 1584 potitur
409 1518 535 1567 votis
572 1528 621 1568 et
656 1528 763 1568 toto
798 1528 998 1581 pectore
1034 1537 1175 1568 veros

107 1603 341 1650 admovet
375 1603 665 1664 amplexus,
712 1600 835 1650 vidit
870 1602 1051 1649 chorus
1087 1601 1250 1651 omnis
1285 1602 1350 1651 ab
1384 1605 1487 1652 alto

106 1692 349 1731 astrorum
385 1691 433 1731 et
468 1691 666 1730 tenerae
701 1683 973 1730 rubuerunt
1008 1699 1194 1731 cornua
1230 1684 1415 1733 Lunae.

106 1765 189 1812 illa
225 1763 430 1827 quidem
465 1765 681 1812 clamore
717 1779 893 1811 nemus
929 1773 1254 1827 montemque
1289 1764 1526 1828 replevit:
1697 1774 1779 1828 645

110 1847 197 1895 sed
235 1844 423 1894 Bacchi
458 1843 679 1905 comites,
718 1844 942 1893 discussa
977 1845 1112 1894 nube
1149 1845 1352 1909 soporis,

107 1927 246 1991 signa
280 1925 443 1976 choris
478 1924 667 1974 indicta
701 1934 878 1989 putant
894 1943 907 1986 3
947 1927 1107 1989 fragor
1141 1912 1364 1989 undique
1398 1935 1548 1982 notus

109 2008 294 2058 tollitur
330 2016 378 2057 et
414 2008 606 2070 thyrsos
642 2006 820 2055 iterum
855 2005 1081 2056 vibrabat
1116 2006 1350 2068 Achilles,
1436 1998 1438 2000 ’

108 2100 223 2139 ante
258 2099 426 2138 tamen
461 2087 668 2137 dubiam
703 2087 864 2136 verbis
901 2089 1086 2137 solatus
1122 2087 1327 2138 amicis:

112 2174 234 2221 ‘Ille
271 2188 363 2236 ego
401 2169 544 2236 (quid
580 2169 795 2234 trepidas
811 2168 853 2235 ?)
888 2169 1112 2232 genitum
1148 2186 1299 2233 quem
1335 2171 1529 2219 caerula
1565 2179 1721 2220 mater
1783 2210 1785 2212 -

163 2305 241 2351 627
271 2301 433 2351 agitare
466 2301 557 2340 Ek:
591 2300 792 2350 sagittare
825 2298 890 2338 P:
930 2299 1061 2350 agitat
1100 2314 1126 2351 q
1361 2300 1442 2338 628
1486 2299 1708 2350 quaerisve
1740 2299 1783 2339 E

109 2358 190 2407 629
220 2357 556 2407 promissamque
577 2368 741 2394 comam
760 2354 801 2392 E
997 2356 1079 2404 630
1107 2354 1218 2393 ullus
1237 2354 1280 2393 E
1469 2356 1548 2404 631
1580 2355 1713 2394 ducor
1743 2354 1786 2393 E

110 2413 189 2461 632
219 2418 318 2451 tunc
352 2417 382 2452 t.
418 2411 460 2449 E
564 2411 827 2460 gradumanu
861 2408 903 2447 P
1091 2412 1172 2459 635
1203 2410 1318 2448 colos
1347 2408 1414 2448 E:
1442 2410 1562 2448 coius
1594 2408 1701 2459 qu,
1732 2408 1785 2457 cyfi

108 2470 189 2515 582
299 2466 417 2516 piget
446 2464 488 2504 E
630 2465 735 2503 haec
755 2462 797 2501 P
815 2477 823 2502 :
853 2463 935 2502 heu
954 2462 1007 2513 kq
1031 2468 1070 2502 et
1094 2469 1131 2502 Π
1153 2477 1224 2503 rec.
1249 2477 1308 2503 m.
1333 2490 1337 2494 -
1439 2465 1584 2503 taedet
1601 2462 1644 2500 P
1663 2465 1781 2514 (—que

110 2520 206 2560 add.
244 2534 315 2560 rec.
354 2521 434 2572 m.)
613 2520 695 2568 638
723 2531 902 2569 quonam
938 2518 1029 2568 ipse
1061 2517 1104 2556 P
1134 2518 1258 2569 (idem
1288 2530 1402 2557 error
1437 2517 1555 2558 Theb.
1589 2518 1643 2559 iv.
1677 2518 1781 2567 568)

109 2588 279 2625 premes
313 2574 478 2614 urentia
510 2573 575 2612 Ek
597 2576 649 2625 (ἲ)
673 2575 816 2625 vulg:
847 2572 1004 2623 premis
1038 2573 1234 2622 urgentia
1267 2586 1322 2622 q:
1371 2572 1710 2622 presumerentia
1741 2571 1784 2609 P

109 2631 190 2680 639
218 2636 345 2681 teque
362 2630 427 2668 nk
445 2644 454 2668 :
485 2641 637 2678 meque
653 2642 679 2679 q
814 2625 947 2666 necP
966 2640 975 2665 ε
1005 2628 1082 2666 sed
1102 2627 1165 2677 Eq
1273 2627 1465 2677 probaris
1484 2626 1526 2664 P
1545 2641 1554 2665 ι
1582 2626 1780 2677 probabis

108 2685 199 2735 Ekq
381 2696 540 2722 marem
561 2684 705 2733 pudet,
732 2682 834 2730 heu,
854 2694 932 2720 nec
952 2694 1098 2721 amore
1117 2681 1491 2732 interpungendum
1512 2685 1641 2720 censet
1656 2680 1781 2719 Klotz

107 2739 187 2789 643
218 2739 323 2779 vidit
342 2738 408 2778 P:
439 2738 531 2778 risit
551 2738 644 2788 Eq:
675 2738 765 2777 risu
785 2736 836 2775 k:
871 2736 1012 2774 rubuit
1029 2735 1269 2787 Scm'vem'us,
1280 2736 1385 2786 sort.
1409 2741 1504 2774 recte
1637 2734 1779 2774 ablatu

109 2793 151 2831 E
311 2795 393 2844 646
427 2793 601 2832 dimissa
621 2792 662 2830 E
769 2791 880 2830 nube
900 2791 1066 2840 soporis
1086 2795 1122 2828 n
1140 2804 1149 2829 ι
1179 2796 1305 2830 nocte
1324 2802 1496 2829 sorores
1515 2803 1541 2840 q
1698 2791 1782 2839 648

108 2847 246 2886 vibrat
264 2847 306 2885 P
466 2849 548 2899 649
577 2847 736 2888 solatus
755 2845 797 2884 Ρ
812 2859 820 2885 :
850 2844 1012 2885 solatur
1030 2845 1122 2896 Ekq
1274 2847 1356 2894 650
1385 2844 1459 2896 qui
1479 2843 1523 2883 P
1646 2843 1779 2893 gemi-

108 2906 196 2941 tum
217 2901 258 2940 E

1872 198 1884 347 ..και-...μάψ
1869 139 1873 154 ““
1871 106 1873 109 “
1868 79 1874 87 ’“
1870 9 1872 12 ’
