1884 3204
1018 111 1432 159 THEBAIDOS
1470 111 1685 158 LIBER
1720 113 1767 158 X

111 246 399 299 advehimus
416 264 430 307 3
477 261 578 294 non
615 247 707 295 hae
745 255 916 295 nostro
951 247 1015 295 de
1051 255 1251 310 pectore
1286 263 1463 296 voces:

74 343 77 350 “
111 328 193 378 ine
226 326 370 387 canit,
407 325 487 375 cui
523 343 603 375 me
638 326 861 374 famulari
896 335 945 374 et
980 343 1175 375 sumere
1211 326 1354 375 vittas
1692 346 1767 387 190

111 416 267 458 vestra
301 408 436 467 fides,
475 405 584 470 ipso
619 423 722 456 non
757 407 1087 466 discordante,
1126 406 1331 470 subegit.

32 528 34 530 .
109 503 206 537 nox
239 488 451 535 fecunda
486 502 691 550 operum
727 488 1061 550 pulchraeque
1096 488 1424 535 accommoda
1459 486 1618 535 fraudi

110 566 339 632 panditur
372 566 576 630 augurio
612 566 813 628 divum3
860 576 1003 616 vocat
1039 566 1186 616 obvia
1220 566 1384 626 virtus,

67 657 71 659 ’
109 656 159 698 et
192 647 350 712 poscit
384 649 578 696 fortuna
614 665 802 697 manus.
875 657 1039 712 stupet
1075 649 1251 697 obruta
1287 664 1464 697 somno

83 728 361 779 “Aonidum
397 727 552 791 legio:
595 737 791 792 tempus
826 746 960 778 nunc
996 731 1167 777 funera
1202 745 1370 791 regum
1693 746 1767 791 195

109 807 277 856 ulcisci
312 807 645 871 miserumque
681 809 814 858 diem
832 827 847 870 3
892 808 1048 873 rapite
1082 825 1218 857 arma
1253 825 1508 872 morasque

85 887 310 951 'frangite
345 898 626 952 portarum:
673 889 821 939 sociis
857 891 953 939 hoc
990 891 1203 940 subdere
1239 891 1477 949 flammas,

107 969 203 1018 hoc
237 971 478 1018 tumulare
514 986 642 1018 suos.
715 970 950 1034 equidem
986 972 1109 1020 haec
1145 980 1194 1020 et
1232 973 1393 1020 Marte
1430 970 1608 1020 diurno

52 1102 66 1108 Ἀ
107 1049 227 1098 dum
263 1066 338 1098 res
374 1049 606 1099 infractae
642 1051 870 1114 pulsique
906 1051 956 1099 in
992 1061 1127 1115 terga
1161 1051 1378 1101 redimus

107 1127 215 1194 (per
248 1128 465 1193 tripodas
501 1129 607 1179 iuro
643 1140 692 1180 et
726 1131 850 1194 rapti
886 1148 1015 1180 nova
1050 1134 1148 1181 fata
1183 1131 1420 1196 magistri)
1684 1150 1764 1179 200

106 1208 219 1268 vidi,
257 1218 306 1258 et
341 1227 421 1259 me
455 1213 677 1260 volucres
713 1211 898 1261 circum
934 1214 1157 1276 plausere
1194 1215 1456 1262 secundae.

106 1290 194 1339 sed
228 1307 361 1339 nunc
396 1299 528 1339 certa
562 1293 698 1341 fides.
771 1294 924 1342 modo
960 1310 1040 1342 me
1075 1294 1168 1342 sub
1203 1303 1350 1343 nocte
1386 1293 1548 1342 silenti

105 1370 223 1435 ipse,
260 1370 365 1435 ipse
398 1388 655 1435 assurgens
690 1373 867 1422 iterum
902 1376 1074 1423 tellure
1109 1377 1281 1434 soluta,

107 1451 262 1514 qualis
297 1461 398 1500 erat
434 1452 586 1518 (solos
622 1452 856 1502 infecerat
891 1455 1066 1502 umbra
1100 1441 1309 1519 iugalis),

107 1531 432 1596 Amphiaraus
467 1532 599 1582 adit:
646 1550 749 1582 non
784 1551 939 1583 vanae
975 1544 1194 1583 monstra
1230 1535 1421 1598 quietis,
1683 1554 1757 1594 205

106 1629 198 1662 nec
233 1629 409 1661 somno
444 1622 696 1677 comperta
731 1616 919 1678 loquor.
995 1619 1023 1641 “
1039 1617 1184 1664 Tune
1200 1618 1224 1639 '²
1260 1616 1421 1680 inquit
1459 1615 1670 1665 “inertis

106 1693 369 1743 Inachidas
406 1695 578 1760 (redde
613 1696 736 1744 haec
755 1695 1003 1755 ,Parnasia
1038 1706 1165 1745 serta
1199 1714 1438 1761 meosque

105 1776 257 1825 redde
291 1775 434 1840 deos)
469 1785 656 1824 tantam
692 1776 876 1840 patiere
910 1762 1134 1827 amittere
1170 1787 1383 1838 noctem,

23 1885 27 1890 -
106 1855 354 1918 degener?
399 1858 522 1906 haec
558 1867 755 1921 egomet
790 1858 913 1907 caeli
948 1868 1135 1907 secreta
1170 1876 1418 1923 vagosque

105 1935 284 1984 edocui
318 1938 520 2000 lapsus?
565 1939 690 1987 vade
726 1938 850 1998 heia,
890 1938 1124 1988 ulciscere
1160 1941 1287 1989 ferro
1683 1961 1762 1990 210

105 2032 196 2065 nos
232 2019 405 2066 saltem
425 2022 433 2066 ἕ
452 2019 476 2041 ”
522 2018 656 2079 dixit,
696 2035 875 2082 meque
911 2021 1033 2068 haec
1068 2022 1133 2069 ad
1168 2020 1340 2070 limina
1374 2021 1504 2070 visus

105 2097 310 2161 cuspide
346 2099 538 2148 sublata
572 2108 777 2163 totoque
812 2100 1063 2164 impellere
1099 2118 1254 2150 curru.

105 2196 255 2243 quare
289 2180 430 2243 agite,
468 2183 709 2231 utendum
745 2182 964 2246 superis;
1008 2200 1110 2232 non
1145 2184 1423 2233 comminus
1459 2186 1626 2267 hostes

106 2257 386 2307 sternendi:
434 2259 620 2307 bellum
654 2259 794 2320 iacet,
833 2270 882 2309 et
917 2261 1100 2310 saevire
1135 2271 1366 2326 potestas.

106 2338 251 2402 ecqui
284 2340 505 2399 aderunt,
545 2357 669 2403 quos
704 2340 890 2404 ingenti
926 2358 978 2390 se
1012 2345 1233 2391 attollere
1267 2345 1398 2391 fama
1684 2364 1758 2405 215

106 2435 208 2467 non
242 2419 418 2483 pigeat,
456 2422 576 2469 dum
611 2422 710 2470 fata
744 2421 946 2470 sinunt?
991 2422 1167 2472 iterum
1202 2441 1319 2472 ecce
1354 2423 1596 2487 benignae

106 2499 265 2548 noctis
299 2517 414 2549 aves
430 2519 444 2562 3
492 2518 670 2565 sequor
704 2511 766 2563 et,
805 2503 1044 2552 comitum
1079 2504 1194 2553 licet
1227 2504 1425 2567 agmina
1459 2515 1666 2566 cessent,

32 2592 34 2595 ·
107 2581 239 2629 solus
275 2585 364 2630 eo!
411 2591 560 2646 atque
595 2585 722 2632 adeo
757 2583 891 2632 venit
926 2584 1007 2633 ille
1042 2594 1091 2633 et
1126 2595 1324 2648 quassat
1359 2586 1609 2634 habenas?

164 2721 239 2758 ¹94
267 2708 431 2761 stupet]
453 2723 495 2748 m
517 2723 597 2751 ras.
620 2723 663 2748 m
683 2710 753 2750 D:
782 2724 866 2750 om.
884 2711 932 2749 N
944 2711 1076 2763 spatzo
1097 2711 1250 2752 relicto:
1281 2712 1391 2751 iacet
1405 2712 1541 2752 Barth
1684 2715 1760 2763 198

106 2762 212 2802 haec
231 2762 299 2802 P.
328 2764 410 2802 hoc
430 2763 499 2802 ωδ
659 2777 738 2814 207
770 2766 925 2804 reddes
944 2765 988 2803 P
1147 2779 1228 2806 210
1257 2767 1364 2805 vade
1383 2766 1454 2805 P.
1493 2769 1628 2807 suade
1648 2768 1755 2807 oeSA

107 2828 186 2865 213
206 2816 313 2868 non]
336 2818 435 2856 dum
455 2818 500 2855 D
662 2831 740 2867 215
770 2820 913 2870 ecqui]
933 2833 982 2859 ec
1004 2820 1096 2871 (sic)
1121 2821 1159 2870 Q
1282 2821 1456 2860 aderum
1476 2822 1519 2859 P
1678 2824 1759 2861 218

104 2871 368 2966 atquelegeo
403 2872 537 2925 (solus
569 2880 662 2925 sup.
697 2872 760 2927 D)
795 2872 951 2924 PQD:
990 2880 1116 2925 atque
1142 2875 1239 2915 ideo
1264 2875 1376 2928 (sup.
1405 2876 1560 2915 iterum
1584 2875 1667 2929 K2)
1688 2877 1760 2916 K:

108 2935 157 2969 so
174 2937 222 2964 us
