1884 3204
973 96 1383 146 THEBAIDOS
1420 97 1635 144 LIBER
1671 97 1775 145 XII

134 237 290 302 qualis
328 236 677 300 Hyperboreos
713 233 799 283 ubi
834 233 1033 282 nubilus
1069 233 1243 282 institit
1278 234 1380 282 axis
1696 241 1778 291 650

133 317 353 381 Iuppiter
386 326 435 365 et
468 315 624 379 prima
658 313 928 363 tremefecit
963 313 1123 362 sidera
1157 315 1344 374 bruma,

131 397 369 460 rumpitur
403 395 577 445 Aeolia
611 404 660 444 et
694 397 891 458 longam
927 393 1181 456 indignata
1216 394 1432 457 quietem

131 477 256 526 tollit
290 477 448 526 hiems
482 475 674 525 animos
710 484 1013 537 ventosaque
1049 473 1211 522 sibilat
1246 476 1423 522 Arctos
1441 493 1454 534 3

43 580 46 582 ·
131 567 248 606 tunc
283 565 477 606 montes
512 557 775 619 undaeque
810 556 1039 613 fremunt,
1077 563 1195 602 tunc
1232 554 1418 616 proelia
1452 553 1612 603 caecis

129 635 344 685 nubibus
380 645 428 686 et
463 635 671 684 tonitrus
706 635 977 698 insanaque
1011 633 1218 682 fulmina
1252 636 1482 696 gaudent.
1694 641 1774 692 655

199 719 306 766 Icta
339 715 489 779 gemit
524 718 681 776 tellus,
720 715 886 764 viridis
922 714 1079 778 gravis
1116 716 1300 778 ungula
1336 731 1541 777 campos

129 805 299 856 mutat,
337 806 386 845 et
420 795 690 845 innumeris
725 795 1050 859 peditumque
1086 795 1410 858 equitumque
1446 793 1652 843 catervis

127 876 336 940 exspirat
370 876 602 940 protritus
637 893 764 940 ager,
802 892 896 925 nec
931 878 1131 940 pulvere
1166 893 1331 925 crasso

125 973 373 1006 armorum
412 958 495 1005 lux
529 956 658 1006 victa
693 956 832 1020 perit,
871 958 959 1005 sed
994 956 1045 1004 in
1081 958 1281 1005 aethera
1316 959 1519 1020 longum

42 1030 45 1031 ⁷
124 1037 372 1100 frangitur,
410 1046 458 1086 et
493 1037 669 1087 mediis
704 1039 878 1086 ardent
913 1037 964 1085 in
1000 1037 1216 1086 nubibus
1252 1039 1434 1086 hastae.
1696 1044 1777 1084 660

125 1127 323 1167 noctem
358 1119 486 1167 adeo
520 1118 839 1182 placidasque
875 1117 1012 1181 operi
1046 1118 1245 1166 iunxere
1281 1118 1522 1177 tenebraS,

125 1207 473 1261 certamenque
508 1198 724 1247 immane
759 1198 886 1257 viris,
925 1215 1026 1261 quo
1062 1198 1256 1246 concita
1291 1199 1498 1246 tendant

123 1278 331 1342 agmina,
371 1278 480 1342 quis
515 1278 642 1327 visas
678 1280 947 1342 proclamet
982 1278 1046 1326 ab
1082 1295 1254 1341 aggere
1289 1278 1503 1336 Thebas,

123 1358 262 1408 cuius
297 1358 348 1406 in
385 1359 575 1422 Ogygio
611 1368 706 1408 stet
740 1359 967 1422 princeps
1003 1361 1175 1407 lancea
1209 1374 1365 1406 muro.

122 1447 172 1487 at
206 1441 378 1502 procul
413 1438 600 1502 ingenti
636 1438 918 1502 Neptunius
953 1438 1151 1501 agmina
1184 1440 1410 1486 Theseus
1692 1444 1774 1496 665

122 1528 349 1583 angustat
384 1519 559 1583 clipeo,
596 1519 922 1583 propriaeque
957 1519 1157 1568 exordia
1191 1518 1350 1567 laudis

122 1609 322 1649 centum
359 1600 493 1648 urbis
529 1600 750 1649 umbone
784 1599 906 1664 gerit
941 1595 1251 1662 centenaque
1289 1600 1466 1649 Cretae

122 1680 331 1740 moenia,
370 1697 521 1743 seque
556 1680 719 1744 ipsum
741 1667 1021 1729 'monstrosi
1055 1680 1346 1744 ambagibus
1381 1678 1508 1727 antri

121 1760 318 1825 hispida
353 1770 668 1825 torquentem
703 1761 934 1810 luctantis
969 1763 1098 1810 colla
1133 1760 1329 1810 iuvenci

119 1843 429 1904 alternasque
464 1859 640 1890 manus
676 1842 861 1891 circum
897 1851 946 1890 et
980 1844 1173 1891 nodosa
1207 1841 1443 1905 ligantem
1693 1847 1776 1900 670

120 1922 351 1971 bracchia
385 1931 434 1970 et
468 1922 688 1971 abducto
723 1922 962 1971 vitantem
998 1939 1184 1971 cornua
1218 1924 1370 1970 vultu.

120 2012 273 2051 terror
306 2002 456 2051 habet
491 2004 721 2065 populos,
757 2019 871 2051 cum
910 2011 1107 2066 saeptus
1144 2001 1358 2065 imagine
1393 2010 1530 2050 torva

119 2082 388 2147 ingreditur
422 2099 640 2146 pugnas:
682 2083 758 2131 bis
794 2084 988 2132 Thesea
1023 2083 1201 2146 bisque
1236 2091 1462 2131 cruentas

120 2164 274 2213 caede
309 2161 474 2211 videre
510 2179 685 2211 manus
702 2181 716 2223 3
762 2163 937 2212 veteris
973 2162 1300 2212 reminiscitur
1334 2171 1473 2211 actus

119 2243 226 2308 ipse
260 2252 404 2292 tuens
440 2243 731 2306 sociumque
765 2260 961 2307 gregem
998 2245 1365 2306 metuendaque
1401 2243 1656 2306 quondam
1692 2250 1772 2304 675

119 2323 290 2372 limina
325 2332 373 2375 et
407 2323 673 2387 absumpto
710 2325 976 2387 pallentem
1013 2323 1237 2372 Gnosida
1270 2324 1368 2372 filo.

187 2405 370 2453 Saevus
405 2412 454 2452 at
490 2403 678 2452 interea
714 2406 840 2453 ferro
876 2413 989 2467 post
1026 2413 1161 2467 terga
1197 2403 1438 2452 revinctas

119 2483 421 2547 Antigonem
456 2483 758 2548 viduamque
795 2485 960 2534 Creon
997 2484 1265 2533 Adrastida
1299 2485 1400 2532 leto

119 2566 352 2613 admovet
369 2582 384 2625 3
427 2564 604 2613 ambae
639 2564 815 2614 hilares
851 2573 900 2614 et
935 2565 1105 2614 mortis
1141 2581 1309 2614 amore
1345 2563 1585 2627 superbae

170 2694 253 2741 650
280 2704 362 2731 axe
379 2690 422 2729 P
580 2693 660 2741 654
688 2691 826 2730 caecis
849 2690 917 2730 P:
945 2691 1080 2729 caesis
1099 2690 1168 2730 wS
1184 2705 1192 2729 :
1221 2697 1308 2729 tum
1333 2704 1394 2740 pr.
1423 2690 1558 2730 caesis
1577 2689 1624 2728 N
1628 2689 1645 2713 2
1668 2692 1770 2741 (om.

118 2745 165 2784 N
169 2744 203 2798 1)
226 2760 235 2785 ε
263 2745 427 2796 quassis
446 2744 562 2784 Koch
686 2747 765 2794 657
794 2744 936 2784 atterit
955 2745 1188 2784 innumeris
1206 2745 1253 2782 N
1331 2745 1515 2795 peditum
1534 2744 1575 2782 P
1692 2747 1774 2795 658

119 2813 267 2850 grasso
285 2799 325 2837 P
450 2801 530 2838 662
559 2799 626 2838 cui
646 2798 917 2839 Sandstroem
1023 2800 1207 2838 tendunt
1226 2798 1268 2837 P
1392 2801 1472 2837 666
1502 2812 1556 2837 ex
1575 2798 1776 2838 ordineP

119 2857 196 2903 671
227 2854 409 2892 obducto
431 2852 473 2890 P
597 2854 710 2892 luctu
737 2853 779 2891 P
938 2857 1018 2904 672
1049 2854 1092 2892 in
1118 2853 1286 2904 agmine
1317 2858 1438 2893 torvo
1458 2851 1499 2890 P
1692 2855 1773 2903 676

121 2914 334 2959 assumpto
354 2906 401 2945 N
415 2906 550 2948 Barth
659 2908 810 2958 gnosia
827 2906 870 2947 P
