1884 3204
94 1451 99 1454 ἢ
179 1381 260 1430 ille
297 1380 445 1430 etiam
482 1381 699 1446 clipeum
734 1385 1027 1447 galeamque
1062 1384 1286 1435 incendit
1322 1386 1516 1435 honoro

187 107 240 161 P.
279 108 523 157 ΡΑΡΙΝΙ
560 108 765 157 STATI

184 244 402 309 expulit3
451 244 534 295 illa
568 248 754 307 volans,
793 263 885 297 ceu
921 245 993 297 vis
1029 263 1132 297 non
1166 249 1266 297 ulla
1301 254 1547 298 moretur‘
1597 254 1601 257 ⁴
1754 257 1850 299 '680

184 325 343 385 obvia,
379 326 459 375 vix
494 326 660 376 sonuit
694 327 856 392 clipeo
891 337 940 378 et
975 328 1074 377 iam
1110 337 1244 393 terga
1278 329 1486 394 reliquit.

182 423 319 456 arma
352 409 525 468 fluunt,
564 408 824 472 longisque
858 418 1026 474 crepat
1060 409 1354 474 singultibus
1389 428 1579 472 aurum,

183 497 484 552 eruptusque
519 489 655 539 sinus
690 490 808 540 vicit
843 508 999 541 cruor.
1072 491 1260 541 occidis
1295 493 1472 553 audax,

182 569 369 618 occidis
404 569 557 619 Aonii
591 587 714 634 puer
747 573 900 621 altera
935 589 1053 622 cura
1087 572 1252 636 Lyaei.
1842 636 1844 638 Ι

182 650 401 700 marcida
436 660 485 700 te
520 651 684 701 fractis
721 655 1015 716 planxerunt
1053 655 1242 703 Ismara
1277 653 1468 718 thyrsis,
1767 662 1864 715 6851

181 741 230 781 te
265 735 489 793 Tmolos,
527 743 576 783 te
613 736 749 798 Nysa
784 736 918 784 ferax
952 738 1251 800 Theseaque
1287 738 1458 785 Naxos
1794 740 1798 743 ⁴

181 822 230 861 et
265 814 510 863 Thebana
545 824 682 863 metu
716 815 902 864 iuratus
938 815 989 864 in
1025 816 1160 881 orgia
1195 819 1410 881 Ganges.

248 896 297 943 Ν
302 910 359 943 ec
394 911 595 958 segnem
631 896 893 958 Argolicae
928 913 1124 946 sensere
1161 899 1399 947 Eteoclea
1434 903 1641 958 turmae,

180 974 371 1038 parcior
404 977 470 1024 ad
505 975 624 1025 civis
660 976 910 1040 Polynicis
945 976 1190 1027 inhorruit
1224 978 1369 1028 ensis.
1871 1039 1879 1044 ‚

180 1055 366 1105 eminet
399 1065 515 1106 ante
550 1056 673 1107 alios
708 1057 807 1106 iam
842 1057 1225 1108 formidantibus
1259 1075 1376 1108 arva
1767 1056 1884 1136 690¹}

178 1136 511 1200 Amphiaraus
547 1138 688 1202 equis
723 1155 782 1188 ac
819 1140 977 1189 multo
1013 1141 1217 1203 pulvere
1251 1140 1395 1190 vertit

180 1235 413 1282 campum
449 1218 826 1283 indignantem:
874 1222 1062 1270 famulo
1097 1223 1251 1271 decus
1286 1220 1439 1271 adicit
1474 1238 1624 1273 omne

142 1351 150 1363 ,
180 1308 397 1349 maestus
434 1309 482 1349 et
519 1309 763 1351 extremos
801 1301 966 1352 obitus
1002 1301 1229 1351 inlustrat
1264 1304 1463 1367 Apollo.

1869 1277 1870 1280 Α
1867 1118 1884 1246 *’„0.‘'.=1‡‘

180 1463 371 1525 sidere3
417 1480 511 1512 nec
547 1465 685 1514 tarde
720 1464 867 1525 fratri,
908 1465 1137 1526 Gradive,
1177 1465 1379 1527 dedisti,
1767 1475 1850 1531 695

180 1558 244 1591 ne
280 1558 379 1605 qua
414 1558 590 1591 manus
626 1551 802 1602 vatem,
842 1559 907 1592 ne
941 1543 1064 1606 quid
1101 1543 1327 1593 mortalia
1362 1544 1496 1593 bello

180 1624 375 1672 laedere
411 1625 509 1672 tela
543 1632 761 1686 queant:
809 1633 1037 1674 sanctum
1073 1633 1122 1674 et
1157 1623 1438 1674 venerabile
1476 1624 1581 1675 Diti

180 1705 328 1753 funus
364 1713 456 1753 eat.
530 1704 639 1754 talis
676 1704 868 1754 medios
903 1707 1120 1755 aufertur
1154 1705 1207 1754 in
1241 1705 1398 1756 hostis

181 1794 342 1834 certus
379 1794 428 1834 et
464 1785 570 1849 ipse
605 1785 742 1835 necis
759 1804 773 1847 3
820 1785 939 1835 viris'
970 1786 1155 1836 fiducia
1189 1786 1275 1836 leti

181 1865 393 1929 suggerit
410 1884 423 1927 5
471 1865 590 1915 inde
625 1866 730 1915 viro
767 1865 1053 1930 maioraque
1089 1866 1313 1915 membra
1348 1866 1555 1930 diesque
1773 1884 1863 1930 700⁴

179 1946 352 1997 laetior
387 1956 435 1997 et
470 1964 745 2011 numquam
782 1956 919 1996 tanta
954 1947 1254 2011 experientia
1288 1947 1425 2008 caeli,

182 2028 221 2078 si
257 2037 427 2079 vacet:
476 2028 650 2078 avertit
685 2028 833 2078 morti
868 2028 1178 2078 contermina
1212 2027 1396 2078 Virtus.

180 2110 319 2159 ardet
354 2108 604 2173 inexpleto
641 2108 774 2158 saevi
812 2108 1052 2158 Mavortis
1089 2125 1275 2170 amore,

181 2200 230 2241 et
265 2190 439 2242 fruitur
473 2193 643 2240 dextra
677 2199 829 2254 atque
863 2190 1031 2240 anima
1065 2192 1301 2255 flagrante
1336 2189 1569 2254 superbit.

179 2273 328 2322 hicne
363 2272 626 2322 hominum
662 2288 805 2321 casus
840 2272 995 2322 lenire
1030 2281 1079 2321 et
1114 2273 1316 2322 demere
1350 2270 1461 2320 fatis
1769 2287 1851 2336 705

179 2354 285 2419 iura
319 2356 588 2417 frequens?
634 2364 878 2417 quantum
915 2353 1081 2402 subito
1116 2352 1340 2403 diversus
1375 2353 1439 2401 ab
1476 2351 1574 2412 illo,

182 2436 267 2500 qui
302 2434 522 2499 tripodas
558 2436 823 2499 laurusque
858 2433 1011 2498 sequi,
1051 2434 1138 2497 qui
1173 2436 1350 2484 doctus
1386 2432 1438 2481 in
1474 2432 1613 2482 omni

182 2518 317 2567 nube
352 2517 564 2566 salutato
598 2517 850 2566 volucrem
886 2531 1186 2579 cognoscere
1221 2514 1448 2564 Phoebo,

236 2648 318 2697 683
347 2651 605 2696 eruptusque
618 2644 957 2696 NQ²‚.He1'ns1'uS‚
972 2644 1285 2684 Drakenborch:
1305 2642 1639 2695 eruptosqueP:
1662 2646 1867 2697 eruptoss„

181 2714 263 2752 que
285 2704 347 2752 (0⁸
365 2701 408 2739 in
425 2714 508 2740 ras,
529 2700 582 2739 al.
609 2704 687 2747 m.)
704 2700 749 2739 D
767 2714 776 2740 ε
805 2705 1062 2750 ereptusque
1082 2698 1137 2750 ΩΙ
1207 2699 1304 2738 sinu
1324 2698 1538 2746 Habasius,
1559 2697 1868 2742 Drakenborclr',

180 2759 261 2806 692
289 2754 419 2795 adicit
444 2767 571 2795 omne
600 2755 773 2806 scripsi:
808 2754 967 2793 addidit
996 2767 1123 2793 omne
1142 2752 1233 2792 P²:
1267 2752 1425 2792 abdidit
1453 2765 1578 2791 omne
1601 2751 1690 2792 P1:
1728 2753 1847 2794 addit

180 2810 309 2849 inane
342 2809 411 2849 ωδ
574 2810 655 2859 698
685 2814 754 2848 eat
780 2809 846 2850 P:
885 2814 977 2849 erat
1005 2807 1075 2848 ωδ
1195 2807 1387 2847 aufertur
1411 2805 1540 2847 PB1:
1572 2805 1754 2847 insertur
1781 2805 1851 2848 oeS

183 2875 263 2919 705
293 2864 420 2904 hicne
438 2864 506 2904 P:
534 2863 603 2904 hic
621 2862 695 2910 ω3,
