1884 3204
0 0 35 202 3ss

976 90 1386 139 THEBAIDOS
1424 90 1638 138 LIBER
1676 91 1758 139 111

114 231 325 295 Phyllea,
362 227 783 291 sanguineumque
818 229 981 276 lavant
1015 230 1292 276 Acamanta
1326 244 1529 277 sororeS.

66 329 70 338 ’
112 321 228 362 tunc
261 312 386 360 ferro
419 317 642 372 retegunt
676 308 820 357 silvas
854 307 1092 370 collisque
1126 307 1391 371 propinqui

109 407 350 443 annosum
387 397 613 438 truncant
646 387 852 451 apicem,
891 387 975 451 qui
1012 387 1239 436 conscius
1273 388 1395 437 actis
1682 408 1754 450 175

109 470 265 521 noctis
300 479 348 519 et
382 469 590 533 inspexit
623 469 865 532 gemitus;
909 468 979 517 ibi
1012 468 1242 532 grandior
1274 485 1398 518 aevo

107 559 233 617 ante·
254 566 411 614 rogOS,
449 551 568 598 dum
605 548 814 612 quisque
849 565 939 598 suo
975 548 1147 613 nequit
1182 549 1294 612 igne
1323 549 1507 607 revelli,

107 629 367 681 concilium
403 628 670 677 infaustum
705 628 848 678 dictis
885 629 1135 678 mulcebat
1169 631 1370 678 Aletes:

110 713 294 774 ‘Saepe
329 709 531 773 quidem
566 708 733 758 infelix
766 709 1000 773 varioque
1035 709 1245 758 exercita
1279 711 1399 759 ludo

103 793 311 842 fatorum
345 806 465 854 gens
499 799 667 839 nostra
699 789 806 851 fuit,
841 790 1074 839 Sidonius
1110 807 1169 838 ex
1203 807 1304 853 quo
1680 800 1758 838 180

104 872 282 935 hospes
316 870 367 918 in
402 869 593 920 Aonios
627 870 740 920 iecit
774 880 879 920 sata
912 873 1066 921 ferrea
1099 873 1277 930 sulcoe,

103 953 235 1001 unde
268 949 384 1000 novi
418 952 545 1000 fetus
580 960 629 1000 et
662 951 924 1001 formidata
958 951 1147 1001 colonis

101 1048 214 1082 arva
246 1031 359 1081 suis.
431 1033 521 1082 sed
555 1049 647 1082 nec
681 1033 856 1082 veteris
891 1050 1006 1082 cum
1042 1033 1172 1096 regia
1208 1032 1387 1084 Cadmi

101 1111 388 1162 fulmineum
426 1112 477 1161 in
512 1112 727 1162 cinerem
764 1113 963 1163 monitis
1000 1113 1207 1163 Iunonis
1242 1113 1441 1177 iniquae

100 1193 341 1254 consedit,
375 1210 538 1257 neque
573 1195 774 1243 funerea
808 1211 922 1244 cum
957 1196 1104 1244 laude
1138 1194 1323 1258 potitus
1679 1204 1754 1253 185

100 1271 264 1322 infelix
299 1276 539 1323 Athamas
574 1274 767 1338 trepido
802 1277 866 1324 de
902 1285 1071 1324 monte
1105 1275 1304 1334 veniret,

99 1352 437 1403 semianimem
474 1356 571 1403 heu
606 1357 735 1404 laeto
770 1357 1233 1405 referens·clamore
1269 1356 1559 1415 Learchum,

99 1433 179 1483 hic
212 1433 422 1497 gemitus
458 1435 659 1496 Thebis,
698 1453 791 1485 nec
827 1445 1050 1500 tempore
1084 1436 1260 1485 clarius
1295 1435 1379 1484 illo

99 1511 399 1561 Phoenissae
433 1529 642 1563 sonuere
677 1515 869 1575 domus,
894 1523 1023 1563 'cum
1058 1515 1186 1562 lassa
1219 1515 1433 1563 furorem

98 1590 212 1640 vicit
246 1601 295 1640 et
328 1594 393 1642 ad
429 1593 668 1643 comitum
704 1594 928 1643 lacrimas
964 1594 1157 1657 expavit
1193 1597 1375 1658 Agave.
1678 1614 1753 1655 190

97 1688 195 1721 una
229 1671 334 1722 dies
369 1673 538 1724 similis
572 1677 684 1724 fato'
709 1675 972 1741 specieque
1006 1677 1248 1725 malorum

95 1767 254 1816 aequa
287 1753 390 1814 fuit,
429 1772 527 1818 qua
561 1756 904 1820 magniloquos
938 1756 1029 1805 luit
1063 1755 1215 1820 impia
1249 1758 1392 1805 flatus

15 1872 20 1876 ,
96 1833 330 1893 Tantalis,
366 1834 636 1885 innumeris
656 1854 785 1886 ›cum
820 1837 1116 1887 circumfusa
1149 1837 1300 1886 ruinis

93 1929 299 1976 corpora
334 1923 407 1964 tot
440 1925 630 1980 raperet
663 1926 800 1978 terra,
839 1927 913 1967 tot
947 1927 1201 1981 quaereret
1234 1917 1374 1981 ignis.

95 1993 203 2042 talis
239 2004 340 2043 erat
374 1998 506 2060 vulgi
541 2006 707 2057 status,
747 2008 795 2047 et
830 1998 900 2047 sic
935 1999 1056 2047 urbe
1091 1998 1259 2047 relicta
1675 2019 1747 2062 195

95 2074 428 2139 primaevique
463 2094 703 2141 senesque
739 2087 787 2128 et
821 2081 970 2142 longo
1006 2079 1229 2129 examine
1265 2088 1442 2128 matres

96 2154 331 2204 invidiam
362 2159 592 2220 planxere
627 2159 732 2208 deis
769 2160 1047 2223 miseroque
1082 2163 1295 2209 tumultu

96 2235 213 2285 bina
246 2253 332 2300 per
365 2237 576 2302 ingentis
610 2239 858 2303 stipabant
892 2243 1063 2291 funera
1097 2251 1275 2305 portas.

96 2333 273 2380 meque
307 2317 467 2382 ipsum
504 2320 709 2368 memini
747 2320 984 2383 (necdum
1019 2331 1134 2386 apta
1169 2323 1419 2371 laboribus
1454 2323 1612 2390 aetas)
1679 2344 1685 2350 ·

91 2397 234 2446 flesse
269 2407 435 2447 tamen
468 2400 754 2464 gemituque
790 2419 928 2452 meos
963 2420 1201 2466 aequasse
1236 2413 1478 2467 parentes.
1667 2426 1747 2454 200

55 2491 61 2493 “
91 2475 173 2526 illa
207 2487 372 2528 tamen
408 2481 571 2544 superi
586 2499 600 2542 ς
647 2499 741 2531 nec
776 2485 912 2546 quod
948 2483 1051 2544 tibi,
1091 2484 1249 2544 Delia,
1288 2494 1449 2534 castos

23 2579 26 2581 ·
90 2559 371 2622 prolapsum
406 2562 471 2610 ad
505 2562 654 2611 fontis
689 2567 890 2627 specula
923 2575 1159 2615 temerare
1193 2569 1398 2630 profana

147 2688 224 2726 180
252 2687 331 2727 fuit
357 2688 400 2727 P
418 2694 486 2739 pr.
521 2704 579 2729 m.
615 2690 711 2731 Cod.
744 2692 867 2732 Bodl.
900 2693 1034 2733 Rawl.
1075 2707 1148 2743 114
1177 2695 1321 2742 sortin
1342 2696 1519 2737 ecodd.:
1550 2698 1631 2736 ruit
1662 2703 1741 2738 cett.

93 2752 168 2791 192
197 2742 457 2791 magnilocus
487 2744 564 2782 iuit
591 2744 634 2782 P
940 2750 1018 2797 196
1044 2761 1170 2787 senes
1199 2749 1332 2788 PwS:
1359 2765 1458 2801 -que
1485 2751 1580 2791 add.
1608 2752 1742 2791 Barth

94 2806 170 2845 199
201 2809 279 2835 nec
300 2802 398 2847 apta
425 2796 472 2836 N
600 2798 814 2839 laboribus
841 2800 922 2838 ΡΑ
944 2816 954 2840 :
983 2802 1198 2842 doloribus
1227 2803 1295 2843 ωδ
1510 2819 1586 2845 201
1622 2820 1674 2846 ne
1704 2808 1743 2857 Q

89 2860 169 2888 202
197 2851 249 2890 ad
277 2851 418 2891 om.P
523 2858 730 2893 temerare
758 2854 980 2895 PB1KNS
994 2868 1005 2895 τ
1049 2862 1257 2896 temerare
1293 2858 1412 2910 (ante
1442 2867 1651 2911 suprascr.
1686 2863 1740 2902 al.

91 2904 179 2960 m.)
200 2904 265 2954 Ως
302 2910 538 2947 temerante
559 2907 817 2960 (†temerare
836 2914 1060 2964 suprascr.)
1082 2912 1124 2949 D
1143 2926 1152 2951 z
1181 2918 1418 2953 temerante
1438 2915 1495 2953 Β1
1516 2929 1652 2966 marg.
