1884 3204
141 0 194 43 P.
234 0 476 44 PAPINI
512 0 718 45 STATI

140 132 304 182 atterit
339 141 388 182 et
422 141 582 182 vastas
617 141 789 182 tenuat
822 132 1163 197 complexibus
1199 149 1382 195 ornos;

142 229 289 277 saepe
326 230 471 277 super
505 212 680 262 fluvios
715 213 941 277 geminae
975 213 1103 264 iacet
1136 230 1310 278 aggere
1345 213 1479 278 ripae

142 293 422 354 continuus,
460 294 780 358 squamisque
814 294 997 344 incisus
1031 296 1290 344 adaestuat
1324 293 1497 343 amnis.

143 376 233 424 sed
268 391 419 436 nunc,
456 374 632 438 Ogygii
666 374 810 424 iussis
845 377 1047 439 quando
1083 375 1245 424 omnis
1280 377 1481 424 anhelat

142 463 270 522 terra
305 454 386 504 dei
421 455 742 519 trepidaeque
775 458 930 506 latent
964 456 1017 505 in
1051 458 1251 521 pulvere
1287 456 1566 519 Nymphae,

143 535 334 585 saevior
367 538 589 585 anfractu
625 538 832 586 laterum
869 537 1070 586 sinuosa
1103 546 1393 600 retorquens

143 625 278 680 terga
313 619 420 666 solo
456 617 674 681 siccique
708 634 896 667 nocens
927 617 1046 666 furit
1080 617 1193 682 igne
1227 616 1420 667 veneni.

143 706 317 761 stagna
351 714 438 761 per
470 697 752 761 arentisque
786 700 921 747 lacus
956 698 1208 761 fontisque
1242 714 1489 762 repressos

144 778 355 828 volvitur
390 787 439 827 et
473 777 640 827 vacuis
675 778 938 827 fluviorum
974 778 1026 826 in
1060 779 1269 828 vallibus
1305 788 1445 839 errat,

144 842 477 921 incensusque
513 858 592 907 siti
627 858 872 921 liquidum
907 875 1041 907 nunc
1075 862 1189 908 ae'ra
1222 859 1397 909 lambit

146 955 231 988 ore
267 938 513 1002 supinato,
551 955 685 987 nunc
720 955 835 987 arva
868 939 1118 1002 gementia
1152 941 1330 989 radens

146 1035 331 1082 pronus
365 1021 601 1068 adhaeret
635 1020 805 1079 humo,
843 1019 885 1068 si
920 1019 1041 1083 quid
1076 1020 1336 1070 viridantia
1370 1021 1552 1070 sudent

145 1099 400 1163 gramina3
446 1116 708 1163 percussae
743 1099 916 1149 calidis
949 1100 1214 1150 adflatibus
1250 1102 1448 1162 herbae,

146 1198 246 1245 qua
280 1181 392 1230 tulit
426 1198 523 1241 ora,
562 1182 761 1240 cadunt,
801 1181 1105 1245 moriturque
1138 1183 1204 1232 ad
1239 1182 1383 1232 sibila
1416 1197 1650 1254 campus:

147 1271 361 1326 quantus
396 1262 460 1311 ab
498 1261 692 1311 Arctois
727 1261 1032 1311 discriminat
1065 1264 1265 1312 aethera
1297 1262 1525 1327 plaustris

146 1342 320 1407 anguis
355 1351 405 1391 et
440 1359 598 1405 usque
635 1344 797 1393 Notos
831 1343 1151 1407 alienumque
1186 1343 1284 1393 exit
1315 1343 1367 1392 in
1402 1344 1575 1394 orbem
1592 1361 1606 1405 3

147 1432 363 1487 quantus
399 1433 449 1472 et
483 1423 565 1473 ille
601 1424 725 1473 sacri
761 1424 914 1488 speris
950 1424 1131 1474 intorta
1172 1425 1405 1474 movebat

147 1521 334 1554 cornua
370 1504 586 1565 Parnasi,
625 1506 789 1554 donec
824 1505 927 1566 tibi,
969 1505 1127 1565 Delie,
1167 1507 1291 1555 fixus

147 1585 278 1635 vexit
311 1585 672 1635 harundineam
708 1595 922 1636 centeno
956 1589 1158 1637 vulnere
1194 1587 1380 1636 silvam.

217 1666 343 1729 Quis
379 1667 482 1727 tibi,
521 1684 683 1731 parve,
721 1669 845 1717 deus
881 1677 983 1716 tam
1019 1668 1186 1731 magni
1220 1669 1443 1732 pondera
1477 1667 1564 1717 fati

148 1757 279 1797 sorte
314 1748 494 1798 dedit?
539 1758 659 1798 tune
695 1750 792 1798 hoc
828 1748 908 1797 vix
941 1749 1100 1813 prima
1135 1751 1200 1798 ad
1235 1749 1407 1798 limina
1442 1748 1571 1799 vitae

147 1831 291 1879 hoste
326 1829 492 1879 iaces?
538 1847 603 1878 an
638 1839 692 1879 ut
727 1829 846 1879 inde
881 1846 1018 1880 sacer
1052 1847 1140 1893 per
1174 1832 1371 1880 saecula
1400 1829 1542 1880 Grais

146 1910 377 1975 gentibus
414 1920 463 1960 et
499 1920 638 1960 tanto
673 1911 851 1975 dignus
887 1928 1132 1961 morerere
1167 1913 1433 1975 sepulcro?

148 1991 337 2042 occidis
372 2001 619 2042 extremae
654 1991 916 2042 destrictus
951 1993 1153 2042 verbere
1189 1994 1378 2042 caudae

146 2072 317 2137 ignaro
353 2083 580 2137 serpente
616 2091 751 2138 puer,
789 2073 912 2138 fugit
948 2073 1082 2123 ilicet
1115 2083 1249 2123 artus

148 2171 353 2204 somnus
390 2164 438 2203 et
474 2154 525 2203 in
561 2157 718 2204 solam
753 2164 1019 2219 patuerunt
1054 2155 1243 2205 lumina
1280 2164 1505 2205 mortem.

217 2237 349 2286 Cum
385 2245 552 2285 tamen
586 2236 799 2286 attonito
836 2236 1052 2286 moriens
1087 2236 1277 2300 vagitus
1313 2236 1365 2285 in
1399 2250 1541 2286 auras

149 2316 331 2366 excidit
367 2326 415 2366 et
451 2317 605 2380 ruptis
641 2317 894 2374 immutuit
929 2334 1014 2367 ore
1049 2317 1275 2381 querelis,

129 2395 313 2461 'qualia
347 2415 450 2448 non
485 2407 613 2448 totas
648 2407 889 2463 peragunt
923 2397 1171 2448 insomnia
1205 2415 1366 2460 voces,

201 2539 281 2577 524
309 2527 596 2578 incensusque
632 2526 703 2566 siti
740 2525 971 2567 Schrader:
1011 2528 1282 2578 incertusque
1318 2541 1395 2568 sua
1432 2527 1545 2569 codd.

148 2583 306 2622 rodens
325 2581 530 2621 Heinsius
693 2593 911 2669 529-533(ι
913 2581 1050 2622 Statio
1070 2582 1265 2634 indzgnos
1275 2587 1402 2634 putat
1418 2582 1597 2623 Mueller
1611 2585 1649 2622 et
1660 2586 1759 2633 post
1774 2595 1812 2623 v.

147 2690 227 2728 507
248 2678 418 2717 inserere
436 2678 527 2718 vult
689 2689 771 2728 530
800 2677 826 2729 s
826 2678 987 2730 susque
1009 2678 1049 2729 Q
1068 2677 1141 2729 (ad
1160 2679 1216 2718 al.
1246 2692 1304 2718 m.
1320 2679 1382 2729 3):
1410 2679 1464 2718 ad
1484 2690 1620 2728 usque
1638 2677 1696 2729 A,
1719 2677 1808 2720 edd.

149 2732 345 2771 nonnulli
442 2744 518 2783 531
549 2732 680 2784 spiris
699 2731 828 2784 codd„
847 2733 1004 2772 correxi
1108 2744 1187 2784 537
1217 2745 1383 2773 morere
1403 2733 1446 2773 P
1460 2737 1499 2774 et
1514 2745 1558 2772 tn
1579 2733 1735 2773 morire
1757 2734 1809 2786 (3)
1852 2735 1863 2794 ς’

148 2799 191 2825 co
195 2801 249 2827 rr.
273 2786 313 2837 Q

1717 1361 1812 1403 ,530

1720 151 1801 199 515
1883 176 1884 180 ,

1724 555 1747 596 5
1757 555 1810 585 ιο-

1722 959 1805 1002 525
1839 931 1843 934 μ

1731 1768 1814 1812 535

1730 2174 1812 2217 ⁵40

1732 2538 1817 2579 525
