1884 3204
931 77 1345 126 THEBAIDOS
1383 78 1599 125 LIBER
1634 79 1711 126 XI

33 216 348 286 'agnoscisne
382 214 572 265 hostis?
618 213 687 262 sic
721 230 887 262 annua
921 222 1066 276 pacta
1091 214 1342 276 fidemque
1634 221 1711 274 365

60 298 348 363 poscimus?
392 295 443 344 hi
477 303 692 358 questus,
731 296 853 342 haec
889 302 963 342 est
999 295 1132 342 bona
1166 311 1315 342 causa
1350 293 1562 342 modesti

59 378 272 428 exsulis?
316 375 571 440 Argolicos
606 391 693 438 per
727 383 788 433 te,
827 390 1070 437 germane,
1110 374 1302 437 penatis

59 458 195 525 (nam
230 456 387 521 Tyriis
422 455 519 504 iam
554 456 717 503 nullus
753 452 949 516 honos),
989 470 1074 517 per
1110 455 1150 502 si
1186 454 1306 520 quid
1341 454 1392 502 in
1428 454 1510 502 illa

32 540 203 594 *dulce
236 539 400 596 domo,
438 536 673 584 submitte
706 534 926 583 animos:
977 551 1039 583 en
1075 543 1282 597 utraque
1315 534 1473 597 gentis

58 618 198 668 turba
231 626 403 681 rogant
436 617 713 679 ambaeque
748 614 914 675 acies3
960 624 1097 678 rogat
1132 614 1215 663 illa
1249 631 1451 663 suorum
1633 635 1710 676 350

57 685 304 761 Antigone
337 698 518 746 devota
552 695 691 744 malis
727 704 1054 759 suspectaque
1089 695 1206 759 regi,

55 789 107 833 et
139 787 329 827 tantum
364 787 461 837 tua,
500 779 634 838 dure,
674 793 822 825 soror.
895 779 1069 826 saltem
1105 794 1190 826 ora
1225 785 1486 840 trucesque

55 861 189 910 solve
221 874 404 922 genas;
449 857 594 907 liceat
628 859 791 906 vultus
826 859 1030 907 fortasse
1066 874 1351 921 supremum

56 954 257 989 noscere
291 937 498 987 dilectos
534 946 583 986 et
617 939 682 986 ad
717 939 840 986 haec
876 940 1092 986 lamenta
1126 937 1292 987 videre

35 1034 182 1069 anne
216 1020 346 1068 fleas.
417 1018 557 1067 illum
591 1017 776 1082 gemitu
812 1018 910 1066 iam
946 1018 1167 1082 supplice
1204 1027 1358 1067 mater
1630 1037 1708 1079 375

55 1098 227 1162 frangit
261 1107 311 1147 et
344 1110 589 1146 exsertum
624 1097 870 1147 dimittere
905 1098 1083 1147 dicitur
1118 1115 1321 1147 ensem:

54 1189 108 1229 tu
142 1178 263 1227 mihi
297 1177 434 1226 fortis
466 1179 669 1227 adhuc?
715 1177 851 1238 mihi,
889 1195 1017 1241 quae
1053 1188 1137 1227 tua
1172 1187 1319 1228 nocte
1355 1178 1535 1242 dieque

53 1259 218 1310 exsilia
252 1275 536 1322 erroresque
570 1261 680 1319 fleo,
717 1259 815 1307 iam
850 1258 1048 1322 iamque
1084 1268 1357 1308 tumentem

52 1338 240 1404 placavi
274 1338 364 1388 tibi
398 1355 545 1401 saepe
579 1341 805 1402 patrem?
851 1339 973 1401 quid
1008 1338 1212 1388 crimine
1247 1339 1394 1388 solvis

53 1421 377 1485 germanum?
422 1435 603 1481 nempe
638 1418 720 1468 ille
756 1420 907 1468 fidem
942 1429 991 1468 et
1026 1429 1152 1468 stata
1187 1421 1387 1469 foedera
1423 1421 1565 1483 rupit,
1629 1431 1709 1479 380

53 1499 135 1550 ille
168 1516 353 1549 nocens
389 1516 662 1562 saevusque
698 1498 828 1560 suis;
874 1508 1040 1548 tamen
1077 1517 1193 1549 ecce
1228 1509 1432 1549 vocatus

52 1597 154 1630 non
189 1580 350 1630 venit)
420 1579 496 1628 his
531 1582 733 1643 paulum
769 1582 902 1629 furor
937 1582 1282 1644 elanguescere
1317 1581 1461 1630 dictis

53 1670 296 1725 coeperat,
331 1661 634 1723 obstreperet
669 1673 972 1725 quamquam
1005 1671 1156 1725 atque
1191 1662 1406 1711 obstaret
1445 1663 1620 1726 Erinys
1642 1683 1658 1724 3-

51 1741 150 1791 iam
184 1741 427 1790 submissa
461 1758 652 1801 manus,
689 1744 821 1791 lente
857 1742 954 1790 iam
991 1742 1143 1791 flectit
1178 1744 1412 1802 habenas,

10 1821 14 1825 ’
52 1821 148 1871 iam
183 1831 312 1871 tacet
332 1840 346 1882 3
391 1831 656 1885 erumpunt
690 1822 900 1885 gemitus
936 1823 1260 1886 lacrimasque
1295 1826 1473 1873 fatetur
1627 1835 1705 1885 385

51 1902 234 1963 cassis3
278 1903 464 1951 hebent
498 1902 597 1951 irae
631 1902 908 1966 pariterque
943 1912 991 1951 et
1025 1903 1160 1952 abire
1194 1914 1459 1953 nocentem

49 1992 101 2032 et
132 1983 323 2032 venisse
357 1984 541 2045 pudet:
592 1982 756 2031 subito
791 2000 906 2031 cum
943 1992 1096 2032 matre
1130 1986 1326 2047 repulsa

51 2064 289 2113 Eumenis
324 2063 469 2112 eiecit
503 2063 665 2112 fractis
702 2066 937 2113 Eteoclea
970 2064 1122 2128 portis

49 2145 375 2194 clamantem:
425 2143 618 2193 ‘Venio
654 2146 914 2207 solumque
949 2146 1086 2208 quod
1121 2154 1236 2195 ante
1270 2146 1456 2195 vocasti

50 2224 281 2285 inv-ide03
327 2241 390 2273 ne
425 2224 616 2273 incesse
651 2237 825 2284 moras,
863 2225 1019 2288 gravis
1054 2242 1190 2274 arma
1223 2227 1423 2276 tenebat
1628 2249 1708 2291 390

50 2314 205 2355 mater
221 2323 236 2365 3
281 2305 330 2353 io
364 2307 531 2368 patria,
570 2322 602 2354 o
637 2322 806 2369 regum
842 2305 1166 2355 incertissima
1202 2309 1360 2367 telluS,

50 2402 183 2441 nunc
218 2394 349 2434 certe
384 2385 582 2434 victoris
618 2385 710 2435 eris
734 2388 770 2435 1²
806 2403 898 2435 nec
935 2386 1098 2435 mitior
1132 2387 1213 2436 ille

30 2470 65 2530 4‘
80 2467 307 2515 Tandem
324 2468 334 2488 '
352 2465 512 2529 inquit
533 2470 544 2492 ⁴
560 2466 668 2527 scis,
690 2483 846 2527 saeve,
868 2469 1017 2516 fidem
1038 2477 1086 2516 et
1103 2468 1366 2518 descendis
1385 2468 1436 2517 in
1454 2475 1705 2534 aequum?

50 2563 83 2596 o
117 2546 238 2596 mihi
273 2564 408 2595 nunc
442 2547 654 2612 primum
690 2549 838 2611 longo
873 2558 985 2611 post
1020 2558 1242 2612 tempore
1276 2552 1434 2610 frater,

104 2677 187 2724 366
213 2674 424 2726 poscimur
443 2674 649 2714 Schrader
796 2688 878 2726 370
907 2676 997 2726 ipsa
1017 2676 1062 2714 D
1206 2689 1285 2728 374
1316 2690 1447 2718 nosce
1465 2678 1522 2716 Ρ1
1542 2693 1552 2718 :
1584 2682 1705 2722 nosci

0 2747 1 2762 1
51 2726 108 2767 P*
281 2741 362 2779 379
389 2729 537 2779 pacavi
555 2729 602 2767 N
717 2742 848 2779 saepe
867 2729 935 2769 Ρ;
965 2743 1094 2769 saeve
1114 2745 1144 2769 ω
1329 2734 1410 2781 382
1444 2734 1704 2784 eliquescere

0 2805 3 2840 ξ
53 2781 255 2834 Heinsius
417 2785 498 2832 386
527 2789 571 2822 et
599 2788 691 2833 sup.
722 2783 793 2822 Im.
824 2784 862 2833 Q
970 2785 1111 2824 abiere
1143 2785 1182 2836 Q
1344 2799 1421 2836 391
1453 2787 1514 2839 io]
1549 2789 1703 2827 οΚΝι

0 2841 3 2872 ἑ
55 2830 115 2887 (io
126 2834 212 2888 N2)
323 2837 436 2876 enim
456 2850 482 2877 o
503 2836 575 2876 D:
604 2849 781 2892 regnum
803 2838 867 2887 Q:
896 2851 921 2877 o
940 2851 1024 2878 om.
1041 2826 1083 2877 Ρ
1224 2851 1304 2890 393
1335 2841 1462 2880 fidem
1483 2843 1704 2884 descendit

0 2891 4 2935 l
51 2888 96 2928 in
115 2901 291 2941 aequam
310 2890 353 2930 P
1517 2891 1521 2895 ’

1515 2951 1595 2990 20*
