1884 3204
154 112 208 158 P.
247 112 490 161 ΡΑΡΙΝΙ
528 114 734 162 STATI

152 248 395 309 bracchia,
435 251 782 315 manantisque
817 255 990 303 oculos
1025 253 1144 303 hinc
1179 256 1350 304 oscula
1385 255 1599 315 turbant,

151 329 267 379 hinc
303 331 469 394 magni
505 331 663 396 caligo
700 333 861 393 maris,
899 336 1204 398 tandemque
1238 336 1395 385 relicti

149 419 280 459 stant
315 411 367 459 in
401 429 523 475 rupe
558 422 757 474 tamen3
807 415 1044 478 fugientia
1078 417 1282 465 carbasa
1308 417 1416 465 visu

150 493 297 541 dulce
332 492 490 556 sequi,
524 494 810 558 patriosque
845 497 1020 546 dolent
1054 497 1362 547 crebrescere
1398 507 1587 548 ventos.
1652 551 1656 555 ,
1766 519 1818 558 30
1874 558 1875 561 Ἴ

149 582 280 622 stant
319 583 486 623 tamen
524 585 573 624 et
607 585 727 624 nota
761 577 969 641 puppim
1005 580 1070 627 de
1105 596 1226 642 rupe
1262 580 1489 628 salutant.

215 657 367 704 Nunc
402 655 538 715 mihi,
563 659 731 706 *Fama
764 658 897 721 prior
930 659 1207 723 mundique
1240 677 1420 709 arcana
1453 663 1700 721 VetustaS,

151 737 231 785 cui
267 737 554 786 meminisse
576 740 774 787 ducum
811 740 1036 803 vitasque
1071 743 1337 790 extendere
1372 758 1532 802 curae,

146 819 313 882 pande
348 818 492 878 viros,
532 828 685 882 tuque
720 837 752 868 o
787 821 1004 870 nemon's
1040 822 1208 885 regina
1244 823 1423 882 sonori,

148 898 387 962 Calliope,
426 916 548 962 quas
584 900 666 949 ille
701 918 893 961 manus,
932 919 1060 965 quae
1096 903 1304 952 moverit
1339 920 1475 952 arma
1762 926 1815 966 35
1879 894 1884 950 ζ

148 980 406 1040 Gradivus,
446 990 655 1043 quantas
691 982 890 1045 populis
926 982 1156 1032 solaverit
1190 983 1340 1044 urbis,
1879 973 1884 976 ¹

146 1061 340 1109 sublata
375 1060 548 1110 molire
583 1063 716 1124 lyra:
759 1079 923 1125 neque
959 1062 1093 1112 enim
1128 1063 1272 1113 altior
1306 1064 1394 1113 ulli

147 1159 287 1191 mens
323 1144 502 1191 hausto
538 1144 603 1191 de
638 1145 776 1192 fonte
811 1143 960 1192 venit.
1033 1161 1117 1193 rex
1151 1144 1300 1194 tristis
1336 1155 1386 1195 et
1419 1162 1564 1210 aeger

142 1225 366 1287 pondere
400 1240 627 1272 curarum
666 1224 963 1288 propiorque
996 1226 1298 1275 abeuntibus
1334 1227 1478 1276 annis
1846 1287 1851 1294 Ι

142 1306 271 1355 inter
304 1304 613 1354 adhortantis
649 1305 729 1354 vix
764 1315 943 1370 sponte
967 1306 1155 1356 incedit
1190 1310 1447 1368 Adrastus,
1757 1331 1813 1371 40
1880 1295 1884 1300 ⁵

143 1395 409 1435 contentus
444 1388 571 1436 ferro
607 1386 738 1450 cingi
774 1389 902 1436 latus
919 1406 933 1449 3
979 1405 1116 1437 arma
1154 1389 1361 1452 manipli
1631 1378 1633 1380 ¹

142 1485 275 1530 pone
310 1470 486 1528 ferunt,
524 1468 737 1517 volucris
772 1469 926 1532 portis
961 1469 1129 1533 auriga
1164 1471 1258 1519 sub
1293 1470 1412 1534 ipsis

143 1549 296 1598 comit
331 1566 501 1613 equos,
540 1559 588 1598 et
624 1549 723 1598 iarn
758 1549 878 1599 inde
911 1550 1028 1614 iugo
1063 1553 1276 1600 luctatur
1310 1552 1481 1601 Arion.

142 1630 259 1680 huic
294 1639 450 1680 armat
486 1631 656 1680 Larisa
690 1631 834 1692 viros,
873 1631 990 1681 huic
1026 1634 1159 1681 celsa
1193 1635 1479 1696 Prosymna,

137 1712 297 1776 aptior
331 1712 565 1761 armentis
602 1712 776 1762 Midea
808 1730 1148 1778 pecorosaque
1183 1714 1368 1774 Phlius,
1750 1736 1806 1778 ⁴5

138 1811 367 1857 quaeque
402 1804 548 1857 pavet
582 1796 731 1857 longa
765 1804 1078 1857 spumantem
1115 1798 1244 1845 valle
1281 1797 1571 1846 Charadron

139 1874 297 1935 Neris,
337 1883 385 1923 et
419 1874 608 1938 ingenti
642 1875 843 1924 turritae
877 1878 1011 1925 mole
1046 1877 1268 1927 Cleonae
1304 1933 1306 1935 ,

138 1966 186 2004 et
223 1955 678 2004 Lacedaemonium
715 1958 912 2019 Thyrea
946 1958 1134 2005 lectura
1167 1974 1407 2007 cruorem.

136 2037 407 2100 iunguntur
442 2054 686 2086 memores
722 2037 994 2086 transmissi
1027 2039 1091 2087 ab
1128 2038 1316 2101 origine
1350 2039 1487 2103 regis,
1542 2095 1544 2097 ,

138 2118 223 2181 qui
261 2118 482 2182 Drepani
518 2120 749 2182 scopulos
786 2128 835 2167 et
870 2118 1119 2168 oliviferae
1155 2119 1379 2183 Sicyonis
1514 2130 1517 2131 ’
1753 2141 1806 2183 50

138 2201 271 2248 culta
306 2209 487 2259 serunt,
527 2216 653 2262 quos
689 2199 825 2263 pigra
860 2202 991 2249 vado
1027 2200 1216 2264 Langia
1250 2202 1434 2251 taeenti

193 2341 244 2378 27
274 2330 580 2379 madentesque
599 2329 644 2367 D
660 2328 758 2368 Cod.
776 2329 922 2381 Magd.
1049 2343 1103 2381 29
1122 2335 1257 2370 exstat
1271 2331 1316 2369 in
1336 2336 1522 2370 contextu
1542 2330 1585 2369 P
1601 2345 1610 2371 :
1639 2345 1720 2372 om.
1744 2347 1774 2371 ω
1795 2349 1805 2374 :

138 2382 234 2421 add.
258 2397 393 2434 marg.
413 2383 499 2421 BD
523 2383 595 2435 (al.
617 2397 673 2423 m.
694 2384 753 2434 B)
891 2397 945 2433 30
974 2389 1108 2423 exstat
1123 2385 1166 2423 in
1186 2390 1371 2424 contextu
1391 2385 1475 2424 PD
1492 2400 1501 2425 :
1530 2390 1568 2425 et
1578 2391 1679 2437 post
1694 2400 1731 2427 v.
1749 2400 1801 2437 31

135 2437 225 2475 BN
239 2451 249 2476 :
278 2450 359 2478 om.
377 2438 423 2476 K
425 2437 463 2487 Q
629 2450 678 2487 31
710 2452 795 2478 om.
811 2438 879 2477 P:
916 2439 1111 2478 habenta)
1131 2453 1141 2478 τ
1184 2441 1368 2490 agnoscit
1383 2440 1419 2477 L
1440 2454 1450 2479 ι
1488 2440 1699 2480 damnant
1713 2441 1802 2483 edd.

131 2491 327 2541 plerique.
412 2491 517 2530 Post
542 2506 581 2531 v.
602 2505 655 2541 30
674 2493 864 2542 sequitur
877 2493 921 2531 in
944 2492 1043 2532 Cod.
1078 2493 1148 2533 Vel.
1169 2493 1359 2541 Bekottii,
1381 2494 1424 2532 hi
1454 2507 1609 2543 magno
1638 2495 1804 2535 caluere

137 2546 241 2584 mari
257 2546 519 2596 tendantque
535 2547 718 2596 relinqui
829 2559 880 2596 35
907 2547 1098 2597 Calliope
1181 2554 1363 2597 quantas
1380 2549 1546 2598 populis
1560 2549 1805 2599 spoliaverit

137 2601 263 2639 urbes
284 2601 323 2650 Q
486 2602 539 2650 36
567 2601 778 2640 Gradivus
875 2615 979 2651 quas
1007 2602 1078 2640 ille
1106 2615 1270 2650 manus,
1290 2615 1398 2652 quae
1428 2604 1606 2642 moverit
1627 2616 1744 2643 arma
1765 2604 1804 2655 Q

136 2655 337 2693 solaverit
367 2654 409 2693 P
426 2670 435 2694 :
478 2655 726 2705 spoliaverit
756 2671 787 2693 ω
951 2657 1005 2705 38
1033 2656 1225 2695 tristibus
1256 2670 1387 2706 aeger
1420 2656 1463 2694 P
1624 2670 1673 2707 41
1705 2672 1803 2698 con-

137 2715 324 2758 temptus
353 2708 486 2749 schol.
521 2709 675 2749 Bamb.
841 2721 893 2759 45
922 2711 1062 2749 midea
1101 2711 1171 2760 Q:
1217 2711 1325 2764 mide
1360 2709 1515 2749 BDN:
1563 2712 1703 2751 medie
1735 2714 1803 2753 P:

139 2765 263 2815 myde
283 2763 319 2802 S
427 2764 575 2802 Philus
596 2764 638 2801 P
663 2763 797 2803 Schol.
822 2765 990 2814 Bamb„
1015 2778 1115 2805 corr.
1143 2765 1339 2804 Mueller:
1373 2765 1517 2804 Philos
1545 2765 1615 2804 ωδ
1748 2780 1800 2817 47

138 2817 334 2866 ingentes
354 2817 397 2855 P
547 2820 601 2867 48
630 2819 756 2869 thyre
778 2819 922 2868 (thire,
942 2821 1060 2869 tyre)
1081 2835 1124 2866 ω,
1148 2833 1248 2859 corr.
1278 2818 1442 2858 Weber:
1474 2821 1595 2869 thyla
1615 2821 1802 2860 electura

136 2871 179 2909 P
352 2885 405 2921 49
433 2872 548 2921 regis
578 2872 643 2912 P:
693 2886 817 2922 reges
850 2888 880 2911 ω
1059 2885 1109 2923 51
1143 2873 1306 2923 Langia
1335 2873 1445 2923 NQ:
1488 2875 1708 2924 Strangilla
1736 2876 1802 2914 P:

135 2926 303 2976 stagilla
336 2926 405 2965 D:
453 2926 640 2977 stogi11a‚
675 2927 860 2977 stagilla,
891 2927 1078 2977 langilla,
1116 2929 1275 2978 tagilla,
1309 2928 1489 2977 slangia,
1518 2929 1659 2979 langia
1687 2929 1800 2969 codd.

129 2979 339 3021 Lactantii
352 2980 504 3020 diverse
