1884 3204
167 123 229 168 P(
260 122 502 170 ΡΑΡΙΝΙ
541 123 748 171 STATI

163 264 394 329 reliquias
429 268 656 329 amplexa
690 264 849 314 virum
886 264 1178 329 semesaque
1215 264 1361 315 nudis

165 346 450 410 pectoribus
486 347 620 396 stetit
655 364 769 396 ossa
802 364 1034 411 premens
1069 346 1278 410 visuque
1313 345 1576 396 tremendo

163 430 434 477 conlustrat
469 445 686 492 campos,
726 427 767 477 si
803 428 913 492 quis
949 445 1241 477 concurrere
1277 427 1449 477 dictis
1752 445 1834 486 510

163 511 345 573 hospes
381 509 675 574 inexplicitis
709 519 795 559 aut
825 509 1111 559 'comminus
1146 509 1216 558 ire
1251 509 1407 558 viator
1444 509 1447 512 ⁴

164 592 347 640 audeat
383 601 432 640 et
467 591 602 641 dirae
638 591 938 640 commercia
972 591 1174 654 iungere
1209 590 1439 654 linguae3

163 689 256 720 nec
293 689 443 732 mora,
483 672 603 736 quin
638 689 823 721 acuens
859 681 1076 721 exsertos
1111 671 1335 736 protinus
1370 669 1549 734 unguis

162 753 459 817 liventisque
495 768 672 803 manus
709 753 1003 817 strictosque
1038 753 1090 802 in
1125 756 1329 802 vulnera
1364 753 1531 803 dentis

162 834 365 884 terribili
400 837 643 898 adplausu
680 835 866 884 circum
902 835 1100 899 hospita
1135 844 1352 898 surgeret
1389 852 1508 895 ora3
1753 853 1831 895 5¹5

163 926 212 965 et
247 918 433 965 latuere
468 917 588 978 doli,
624 918 787 966 donec
822 918 886 966 de
921 934 1043 980 rupe
1078 926 1295 977 cruenta,
1828 918 1831 920 ’

163 999 274 1056 heu,
314 997 461 1046 simili
496 999 741 1061 deprensa
773 997 892 1057 viro,
930 997 1238 1047 cessantibus
1273 997 1362 1046 alis

163 1077 311 1127 tristis
347 1078 647 1142 inexpletam
683 1077 900 1141 scopulis
935 1077 1190 1142 adfligeret
1223 1080 1403 1126 alvum.

164 1169 404 1208 monstrat
440 1159 561 1208 silva
596 1161 748 1219 nefas,
787 1161 988 1208 horrent
1023 1158 1185 1208 vicina
1220 1158 1417 1208 iuvenci
1492 1194 1495 1199 ψ

161 1240 396 1303 gramina,
435 1240 682 1289 damnatis
717 1240 919 1290 avidum
957 1257 1109 1304 pecus
1144 1241 1360 1290 abstinet
1395 1239 1575 1290 herbis.
1752 1258 1835 1299 520

162 1339 264 1370 non
304 1323 560 1385 Dryadum
596 1324 758 1385 placet
794 1323 970 1371 umbra
1005 1321 1182 1382 choris,
1221 1339 1323 1372 non
1359 1322 1627 1371 commoda
1662 1321 1811 1370 sacris

165 1406 463 1463 Faunorum,
503 1403 739 1467 diraeque
775 1403 925 1453 etiam
961 1406 1129 1467 fugere
1165 1406 1390 1454 volucres

162 1484 434 1548 prodigiale
471 1502 661 1534 nemus.
736 1485 896 1534 tacitis
933 1487 1032 1534 huc
1067 1484 1316 1549 gressibus
1350 1485 1450 1534 acti

161 1566 436 1615 deveniunt
473 1566 690 1630 peritura
725 1568 918 1627 cohors,
957 1569 1254 1631 hostemque
1290 1567 1561 1631 superbum

162 1647 331 1697 adnixi
367 1648 538 1697 iaculis
575 1658 624 1697 et
654 1647 799 1697 humi
834 1648 997 1712 posita
1031 1666 1167 1697 arma
1202 1658 1429 1698 tenentes
1512 1689 1514 1691 .
1749 1671 1830 1712 525

162 1739 451 1793 exspectant
487 1731 744 1793 densaque
779 1747 957 1780 nemus
993 1730 1206 1780 statione
1243 1741 1496 1780 coronant.

230 1813 476 1875 Coeperat
511 1811 702 1860 umenti
738 1813 1000 1861 Phoebum
1036 1813 1294 1862 subtexere
1329 1815 1459 1876 palla

164 1894 277 1944 Nox
313 1902 362 1941 et
398 1894 674 1941 caeruleam
710 1893 848 1942 terris
883 1893 1131 1943 infuderat
1167 1895 1408 1944 umbram.

160 1973 241 2022 ille
277 1973 644 2038 propinquabat
680 1973 812 2023 silvis
849 1984 899 2024 et
932 1976 996 2024 ab
1033 1992 1207 2039 aggere
1244 1978 1377 2024 celso

161 2064 302 2104 scuta
337 2054 494 2103 virum
531 2057 796 2119 galeasque
831 2055 966 2106 videt
1001 2056 1198 2106 rutilare
1233 2057 1491 2118 comantis,
1749 2079 1832 2121 530

162 2154 260 2200 qua
295 2139 460 2185 laxant
495 2136 617 2185 rami
653 2154 830 2186 nemus
865 2140 1173 2202 adversaque
1209 2139 1302 2188 sub
1339 2140 1516 2188 umbra

161 2220 422 2267 flammeus
458 2218 637 2268 aeratis
673 2221 821 2268 lunae
857 2229 1041 2269 tremor
1075 2229 1202 2269 errat
1237 2219 1289 2268 in
1324 2220 1486 2270 armis.

160 2300 401 2363 obstipuit
436 2300 563 2361 visis,
604 2300 707 2350 ibat
743 2310 923 2362 tamen,
964 2301 1164 2350 horrida
1199 2310 1393 2350 tantum

160 2379 350 2443 spicula
386 2390 435 2430 et
470 2381 718 2430 inclusum
755 2384 934 2446 capulo
971 2391 1116 2431 tenus
1151 2384 1388 2432 admovet
1423 2400 1609 2434 ensem.

157 2480 217 2512 ac
253 2463 386 2526 prior
423 2465 613 2524 ‘Vnde,
652 2463 754 2524 viri,
794 2463 977 2527 quidve
1013 2464 1272 2514 occultatis
1308 2465 1360 2513 in
1395 2466 1611 2516 armis?'
1746 2485 1830 2528 535

158 2562 262 2605 non
298 2544 473 2595 humili
509 2554 691 2594 terrore
726 2555 877 2608 rogat.
950 2563 1044 2595 nec
1079 2546 1273 2595 reddita
1308 2556 1480 2597 contra

157 2644 266 2687 vox,
305 2628 559 2690 fidamque
595 2636 778 2690 negant
813 2637 1044 2700 suspecta
1079 2627 1273 2678 silentia
1308 2646 1498 2692 pacem.

212 2771 294 2808 509
322 2758 546 2796 tremendo
579 2755 779 2797 Mueller:
841 2759 1043 2797 trementi
1072 2758 1286 2809 BDKNQ
1309 2760 1426 2811 prob.
1461 2759 1691 2800 Scriverio:
1743 2767 1828 2802 tre-

157 2814 314 2852 mentis
340 2811 379 2852 S
404 2812 680 2851 Lachmann:
722 2812 920 2852 frementi
950 2813 993 2851 P
1167 2826 1245 2864 514
1274 2815 1532 2866 strictosque
1566 2816 1828 2856 Housman:

156 2867 400 2918 fractosque
438 2867 548 2906 codd.
772 2868 949 2907 vulnera
986 2867 1071 2906 ΡΝ
1086 2881 1096 2908 :
1145 2869 1322 2908 vulnere
1359 2869 1528 2919 BDKQ
1746 2873 1826 2920 518

155 2923 365 2972 adfigeret
392 2921 439 2959 N
457 2921 709 2973 Oudendorp
843 2934 922 2972 527
954 2920 1116 2962 caelu‘m
1141 2923 1287 2971 Jortin
1424 2935 1507 2974 530
1534 2925 1767 2976 cristasque
1788 2926 1828 2966 P

156 2989 236 3027 534
265 2977 467 3016 admonet
488 2975 533 3027 (v
552 2982 643 3027 sup.
669 2990 695 3015 n
716 2976 854 3030 codd.)
884 2977 932 3015 N
1091 2980 1173 3028 536
1204 2977 1295 3018 Nec
1315 2979 1476 3019 credita
1503 2978 1546 3018 P
