1884 3204
1041 30 1455 83 THEBAIDOS
1494 31 1710 83 LIBER
1748 34 1801 83 11

147 173 296 223 vinxit
328 171 487 236 amor)
521 186 847 234 socerumque
881 171 1075 219 adfatur
1109 169 1256 218 tristis
1291 171 1574 219 Adrastum.

29 261 33 293 ⁹
87 309 90 316 ‚
146 258 198 305 fit
233 270 368 304 mora
402 251 623 312 consilio,
661 267 774 300 cum
810 251 965 299 multa
1000 249 1314 299 moventibus
1350 267 1450 299 una

145 337 242 386 iam
276 332 438 398 potior
471 331 664 382 cunctis
699 330 826 380 sedit
876 330 1134 390 sententia,
1173 330 1330 379 fratris

144 422 498 481 praetemptare
532 414 683 462 fidem
718 420 952 475 tutosque
987 411 1038 459 in
1073 428 1222 475 regna
1258 413 1508 474 precando

144 497 390 560 explorare
424 493 601 543 aditus.
673 494 836 542 audax
871 509 930 541 ea
964 509 1170 541 munera
1205 493 1408 554 Tydeus
1720 513 1800 552 370

80 623 83 626 Α
142 584 317 642 sponte
351 574 513 635 subit3
548 590 645 624 nec
679 590 782 622 non
817 582 867 622 et
903 582 966 633 te,
1003 572 1267 622 fortissime
1303 572 1463 636 gentis

141 658 387 716 Aetolum,
425 656 636 704 multum
671 653 883 703 lacrimis
919 662 1098 702 conata
1133 653 1311 702 morari

145 738 362 802 Deipyle,
401 737 491 785 sed
525 735 658 784 iussa
691 734 840 798 patris
876 733 1071 797 tutique
1107 750 1352 798 regressus

96 863 99 866 .
140 822 298 882 legato
332 816 588 879 iustaeque
622 832 792 880 preces
827 814 988 864 vicere
1023 814 1216 864 sororis.

205 902 414 962 Iamque
448 897 678 947 emensus
713 896 804 946 iter
838 896 969 946 silvis
1004 913 1063 945 ac
1099 894 1240 945 litore
1268 898 1464 956 durum,
1721 916 1798 959 375

138 997 236 1044 qua
270 981 492 1028 Lernaea
525 980 666 1043 palus
701 979 1029 1041 ambustaque
1065 977 1292 1027 sontibus
1326 979 1425 1026 alte

138 1061 323 1124 intepet
357 1061 512 1123 hydra
545 1059 698 1120 vadis,
737 1068 786 1108 et
821 1075 919 1122 qua
954 1058 1034 1107 vix
1068 1058 1284 1108 carmine
1319 1075 1427 1108 raro

138 1143 282 1205 longa
316 1150 459 1190 sonat
495 1143 689 1190 Nemea
723 1142 951 1189 nondum
986 1139 1264 1204 pastoribus
1299 1139 1446 1199 ausis,

137 1239 234 1286 qua
267 1224 394 1271 latus
431 1224 567 1271 Eoos
605 1223 827 1285 Ephyres
864 1222 1001 1284 quod
1036 1220 1190 1285 vergit
1225 1222 1290 1270 ad
1328 1222 1489 1270 Euros

137 1301 447 1366 Sisyphiique
483 1303 660 1351 sedent
695 1310 865 1365 portus
901 1300 1122 1364 irataque
1158 1309 1313 1349 terrae
1719 1307 1799 1358 380

137 1400 284 1433 curva
317 1382 638 1432 Palaemonio
674 1381 944 1432 secluditur
978 1383 1116 1431 unda
1151 1382 1398 1430 Lechaeo.

137 1463 252 1513 hinc
286 1472 649 1528 praetervectus
685 1462 865 1512 Nisum
902 1471 951 1512 et
986 1470 1048 1522 te,
1087 1461 1219 1510 mitis
1257 1460 1477 1522 Eleusin,

135 1543 300 1590 laevus
334 1541 450 1601 abit,
490 1540 689 1604 iamque
723 1557 839 1588 arva
872 1540 1027 1604 gradu
1063 1538 1332 1589 Teumesia
1367 1548 1417 1588 et
1451 1555 1590 1588 arces

133 1622 278 1671 intrat
314 1623 627 1686 Agenorea83
672 1620 743 1670 ibi
777 1622 956 1670 durum
994 1621 1231 1670 Eteoclea
1266 1619 1422 1669 cernit

133 1701 394 1752 sublimem
430 1702 554 1752 solio
589 1711 914 1766 saeptumque
949 1701 1263 1751 horrentibus
1296 1700 1459 1751 armis.
1717 1713 1797 1764 385

133 1785 237 1833 iura
270 1785 400 1834 ferus
435 1785 621 1848 populo
657 1792 790 1832 trans
824 1785 984 1847 legem
1019 1799 1080 1832 ac
1115 1792 1341 1847 tempora
1373 1781 1512 1847 regni

132 1866 229 1915 iarn
264 1863 421 1914 fratris
456 1866 520 1914 de
554 1874 692 1929 parte
727 1865 911 1925 dabat3
958 1866 1097 1914 sedet
1132 1881 1282 1913 omne
1309 1873 1506 1928 paratus

132 1946 182 1995 in
217 1945 406 1996 facinus
441 1945 757 2010 queriturque
792 1946 944 1994 fidem
980 1954 1081 1994 tam
1118 1961 1226 1994 sero
1261 1944 1467 2008 reposci.

201 2025 436 2078 Constitit
470 2026 522 2075 in
558 2026 734 2076 mediis
771 2025 955 2091 (ramus
991 2025 1272 2076 manifestat
1307 2025 1466 2075 olivae

133 2110 365 2173 legatum)
404 2124 677 2171 causasque
712 2106 819 2156 viae
854 2124 1140 2171 nomenque
1175 2115 1371 2171 rogatus
1713 2126 1795 2170 390

133 2188 320 2250 edidit3
364 2198 518 2252 utque
553 2187 687 2238 rudis
723 2187 859 2238 fandi
894 2205 1180 2253 pronusque
1215 2187 1365 2237 calori

133 2286 325 2334 semper
359 2278 477 2331 erat,
511 2268 650 2318 iustis
686 2268 899 2318 miscens
935 2279 1101 2318 tamen
1137 2285 1310 2333 aspera
1345 2267 1542 2332 coepit:

135 2350 212 2400 ‘Si
247 2349 335 2400 tibi
370 2352 517 2414 plana
551 2351 675 2400 fides
711 2358 759 2399 et
794 2349 915 2399 dicti
949 2367 1066 2400 cura
1094 2359 1315 2400 maneret

183 2481 263 2529 366
289 2478 425 2518 iunxit
455 2479 611 2529 (vinxit
637 2485 841 2530 suprascr.
874 2479 928 2520 al.
963 2479 1041 2532 m.)
1076 2479 1115 2530 Q
1241 2480 1364 2520 tritus
1392 2479 1436 2518 P
1596 2482 1676 2530 368
1705 2480 1788 2521 iam

128 2534 252 2585 PDQ
263 2540 330 2585 pr.
350 2548 406 2574 m.
429 2548 439 2573 z
467 2546 564 2573 nam
582 2533 752 2583 BKNQ
781 2547 851 2574 sec.
876 2547 931 2574 m.
1083 2535 1165 2585 369
1193 2540 1467 2582 praetentare
1497 2534 1540 2573 A
1561 2534 1787 2575 Heinsius:

128 2594 416 2639 pertemptare
437 2587 543 2627 PwS
646 2601 728 2638 372
757 2588 943 2628 lacrimis
963 2589 1139 2628 multum
1158 2589 1207 2628 N
1284 2590 1441 2628 morari
1461 2595 1528 2629 est
1547 2589 1596 2629 N
1707 2603 1788 2641 379

127 2644 253 2682 vertit
282 2642 327 2681 D
460 2644 541 2692 383
562 2642 651 2682 abit
677 2642 786 2682 PB:
815 2643 932 2683 habit
959 2642 1001 2681 A
1024 2658 1035 2683 ε
1061 2643 1188 2682 habet
1216 2643 1386 2683 DKNS
1400 2658 1408 2684 :
1440 2644 1577 2684 habet
1597 2644 1628 2695 (i
1648 2651 1739 2695 sup.
1763 2659 1788 2684 e

127 2711 196 2738 sec.
234 2698 313 2747 m.)
338 2697 377 2747 Q
498 2697 632 2747 gradu
660 2709 741 2736 om.
776 2696 820 2735 P
978 2699 1059 2747 386
1087 2698 1203 2737 ferus
1233 2698 1271 2748 Q
1307 2702 1528 2746 (suprascr.
1548 2698 1690 2739 serens
1713 2699 1786 2753 9²)

128 2753 208 2802 389
238 2764 378 2792 ramus
396 2750 522 2790 PDA
544 2765 554 2791 ε
585 2763 702 2791 ramo
726 2750 845 2803 (ram‘
865 2753 1094 2806 suprascr.)
1114 2751 1182 2792 N:
1218 2765 1334 2792 ramo
1353 2753 1477 2804 BKQ
