1884 3204
947 73 1357 122 THEBAIDOS
1394 75 1608 123 LIBER
1644 77 1717 123 VI

73 218 206 278 silva,
242 231 334 266 nec
367 212 620 276 amplexae
644 198 909 260 ‘dimittunt
943 209 1120 258 robora
1155 211 1447 272 Nymphae:

73 306 128 350 ut
159 313 273 347 cum
306 308 553 358 possessas
587 289 742 339 avidis
777 287 1043 338 victoribus
1077 306 1213 338 arces

25 407 27 409 ·
71 370 172 430 dux
203 383 390 440 raptare
424 371 573 432 dedit,
611 370 691 420 vix
725 370 863 434 signa
895 368 1078 428 audita,
1115 386 1208 418 nec
1244 372 1416 420 urbem
1640 390 1715 430 115

69 456 285 509 invenias
301 473 315 516 ;
359 456 548 504 ducunt
582 460 903 513 sternuntque
938 449 1242 513 abiguntque
1277 453 1538 515 feruntque

67 534 332 594 immodici,
370 533 530 582 minor
564 531 645 580 ille
679 533 838 595 fragor
872 547 972 594 quo
1008 530 1138 579 bella
1172 533 1420 595 gerebant.

79 651 84 654 -
134 617 340 678 Iamque
374 613 477 678 pari
512 614 712 662 cumulo
746 611 979 676 geminas,
1019 613 1148 660 hanc
1184 603 1401 662 tristibus
1438 613 1636 675 umbris,

66 705 141 748 nst
173 696 305 746 illam
341 693 540 759 superis,
577 710 764 757 aequus
799 694 939 742 labor
973 701 1170 742 auxerat
1204 710 1325 754 aras,

65 780 178 828 cum
212 775 404 840 signum
438 776 599 824 luctus
634 790 787 823 cornu
822 790 965 837 grave
1001 773 1155 836 mugit
1190 775 1387 823 adunco
1634 795 1712 823 120

63 853 198 915 tibia,
232 851 312 902 cui
346 861 540 901 teneros
576 860 770 901 suetum
806 852 1078 914 producere
1113 850 1271 900 manis

60 934 166 999 lege
200 934 446 997 Phrygum
481 942 678 982 maesta.
751 933 986 996 Pelopem
1024 941 1320 981 monstrasse
1355 932 1576 982 ferebant

61 1013 335 1078 exsequiale
371 1030 562 1062 sacrum
598 1028 895 1076 carmenque
931 1012 1202 1062 minoribus
1238 1013 1424 1062 umbris

60 1094 190 1154 utile,
228 1111 329 1158 quo
363 1093 570 1158 geminis
607 1093 772 1142 Niobe
807 1102 1102 1156 consumpta
1136 1092 1373 1156 pharetris

59 1174 281 1240 squalida
315 1174 390 1223 bis
426 1191 568 1224 senas
604 1173 807 1237 Sipylon
842 1175 1110 1223 deduxerat
1146 1190 1305 1222 urnas.
1636 1195 1707 1234 125

75 1258 82 1285 -’
124 1243 326 1304 Portant
360 1254 555 1304 inferias
590 1270 853 1317 arsuraque
888 1255 1070 1302 fercula
1104 1253 1249 1317 primi

59 1335 329 1396 Graiorum,
367 1335 618 1399 titulisque
651 1335 760 1399 pios
796 1343 1035 1383 testantur
1069 1335 1282 1382 honores

55 1416 212 1480 gentis
247 1416 455 1480 quisque
490 1433 641 1476 suae,
686 1417 835 1478 longo
870 1423 983 1478 post
1023 1422 1245 1477 tempore
1281 1413 1431 1477 surgit

46 1495 182 1548 'colla
214 1514 359 1560 super
392 1495 625 1545 iuvenum
662 1493 890 1560 <numero
926 1495 1026 1543 dux
1060 1496 1241 1558 legerat
1277 1493 1437 1559 omni)

54 1577 159 1642 ipse
191 1579 294 1626 fero
328 1579 540 1626 clamore
575 1585 722 1625 torus.
796 1574 988 1624 cinxere
1024 1576 1304 1637 Lycurgum
1631 1595 1706 1634 130

54 1657 262 1707 Lernaei
294 1673 531 1721 proceres,
567 1654 864 1720 genetricem
902 1655 1095 1704 mollior
1128 1654 1285 1704 ambit

54 1738 208 1798 turba,
245 1755 337 1788 nec
374 1736 648 1801 Hypsipyle
683 1747 791 1785 rar'o
828 1735 958 1785 subit
993 1735 1223 1799 agmine3
1270 1736 1451 1783 vallant

31 1818 322 1884 ‚Inachidae
357 1834 616 1878 memores,
652 1826 929 1866 sustentant
963 1816 1114 1866 livida
1149 1815 1252 1865 nati

52 1898 279 1949 bracchia
313 1907 362 1948 et
395 1898 623 1947 inventae
658 1899 940 1946 concedunt
974 1898 1204 1960 plangere
1240 1895 1395 1944 matri.

0 2039 3 2043 .
119 1979 228 2028 Illic
262 1979 499 2027 infaustos
533 1987 588 2027 ut
622 1977 835 2041 primum
871 1994 1064 2040 egressa
1098 1976 1291 2040 penatis
1627 1999 1638 2026 ι
1649 1996 1701 2039 35

52 2059 310 2122 Eurydice,
347 2060 485 2107 nudo
518 2075 692 2108 vocem
728 2059 792 2107 de
826 2066 1024 2121 pectore
1059 2056 1242 2120 rumpit

0 2177 1 2185 ,
51 2142 350 2204 planctuque
384 2148 432 2188 et
466 2138 624 2202 longis
659 2140 875 2202 praefata
909 2137 1175 2186 ululatibus
1211 2136 1348 2186 infit:

53 2224 65 2247 ‘
84 2222 201 2269 Non
236 2222 332 2269 hoc
366 2219 658 2283 Argolidum
693 2227 839 2268 coetu
875 2217 1177 2267 circumdata
1218 2226 1430 2267 matrum

49 2301 238 2366 speravi
273 2310 334 2360 te,
371 2310 500 2361 nate,
538 2301 690 2365 sequi,
728 2317 822 2349 nec
857 2299 971 2349 talia
1006 2301 1212 2349 demens

7 2370 9 2372 V
48 2381 294 2445 fingebam
330 2381 455 2430 votis
490 2398 732 2430 annorum
768 2382 1012 2430 elementa
1046 2389 1256 2439 tuorum,
1623 2400 1699 2440 140

47 2460 116 2510 nil
151 2477 350 2510 saevum
386 2471 652 2525 reputans,
697 2461 880 2510 etenim
917 2460 992 2509 his
1027 2460 1078 2508 in
1114 2460 1296 2508 finibus
1331 2459 1439 2509 aevi

0 2558 5 2636 ι
37 2542 179 2591 ,unde
213 2557 305 2605 ego
340 2541 470 2590 bella
504 2541 594 2590 tibi
628 2542 928 2605 Thebasque
963 2540 1129 2604 ignara
1164 2539 1427 2588 timerem?

100 2680 174 2719 117
205 2669 410 2718 gerebant
436 2668 507 2720 (al.
537 2683 594 2708 m.
620 2675 823 2720 suprascr.
852 2674 1057 2718 geruntur
1082 2667 1136 2719 Q)
1165 2668 1245 2718 ΩΑ
1266 2683 1276 2708 :
1310 2675 1514 2717 geruntur
1539 2668 1693 2720 (marg.

43 2723 265 2772 regebant)
282 2723 331 2762 N
455 2735 527 2760 121
558 2723 726 2762 solitum
746 2723 954 2761 deducere
973 2722 1089 2763 Serv.
1111 2721 1218 2763 Aen.
1238 2735 1278 2764 V.
1303 2723 1379 2773 138
1511 2723 1696 2772 138-183

44 2775 87 2818 in
103 2774 149 2814 D
167 2777 247 2828 legi
259 2781 466 2828 nequeunt
628 2789 704 2825 142
731 2776 879 2825 ignora
897 2775 940 2814 P
