1884 3204
986 85 1397 134 THEBAIDOS
1435 86 1650 134 LIBER
1685 87 1790 135 XII

140 215 284 264 crede
300 233 315 275 ,-
360 212 459 263 sitit
494 211 693 261 meritos
729 210 1000 260 etiamnum
1037 212 1159 260 haec
1196 213 1336 261 hasta
1373 229 1582 261 cruores.
1712 233 1791 275 595

140 297 274 344 nulla
307 310 443 342 mora
478 301 582 352 est;
621 300 754 340 verte
790 293 923 338 hunc
958 292 1103 351 adeo,
1140 292 1376 341 fidissime
1414 294 1628 356 Phegeu,

139 373 468 437 cornipedem,
506 380 555 420 et
591 371 763 434 Tyrias
799 370 1022 419 invectus
1058 371 1281 433 protinus
1316 388 1453 421 arces

135 441 220 503 aut
256 452 441 502 Danais
477 451 618 501 edice
653 467 810 514 rogos,
848 460 934 499 aut
970 450 1155 513 proelia
1190 451 1409 518 Thebis)

137 533 206 583 sic
238 532 306 581 ait
341 531 522 581 oblitus
559 531 774 594 bellique
810 530 1017 593 viaeque
1052 531 1292 591 laborum,

75 675 77 677 ι
138 615 455 676 hortaturque
491 629 607 660 suos
642 611 856 674 virisque
893 610 1130 659 instaurat
1165 613 1397 660 anhelas:
1707 619 1791 661 600

135 703 188 742 ut
222 695 374 742 modo
409 691 635 741 conubiis
671 701 838 740 taurus
874 693 1100 754 saltuque
1136 701 1336 754 recepto

62 819 64 822 .
134 790 245 822 eum
282 772 447 836 posuit
481 788 686 836 pugnas,
724 771 821 820 alio
858 771 899 820 si
934 773 1058 820 forte
1094 771 1304 834 remugit

134 854 367 903 bellatore
402 869 590 912 nemus,
630 869 933 916 quamquam
970 869 1055 901 ora
1090 861 1139 900 et
1174 854 1302 900 colla
1336 859 1541 900 cruento

133 933 288 982 imbre
325 935 542 990 madent,
581 950 740 982 novus
775 950 911 981 arma
945 941 1083 996 parat
1118 949 1452 996 campumque
1486 935 1733 982 lacessens

131 1013 405 1063 dissimulat
440 1013 651 1077 gemitus
687 1022 736 1062 et
771 1015 973 1062 vulnera
1007 1015 1208 1076 pulvere
1244 1016 1383 1062 celat.
1703 1021 1787 1075 605

130 1094 236 1157 ipsa
270 1104 430 1143 metus
467 1095 682 1157 Libycos
718 1093 1129 1157 servatricemque
1167 1095 1433 1142 Medusam

130 1174 340 1238 pectoris
378 1175 575 1223 incussa
610 1175 764 1223 movit
800 1174 1024 1222 Tritonia
1058 1191 1239 1237 parma.

130 1255 350 1318 protinus
386 1256 534 1305 erecti
571 1264 677 1304 toto
714 1255 859 1303 simul
894 1254 1090 1318 agmine
1126 1255 1327 1303 Thebas

59 1386 63 1390 ,
129 1349 381 1395 respexere
415 1349 599 1395 angues
616 1350 630 1392 3
676 1333 892 1380 necdum
930 1331 1122 1379 Atticus
1159 1329 1228 1379 ire
1263 1331 1467 1394 parabat

130 1408 281 1469 miles,
321 1418 370 1458 et
405 1408 573 1457 infelix
607 1408 800 1471 expavit
837 1407 1040 1456 classica
1078 1407 1239 1456 Dirce.
1705 1415 1789 1456 610

196 1489 451 1540 Continuo
486 1488 538 1537 in
574 1505 764 1552 pugnas
801 1490 936 1537 haud
972 1490 1134 1536 solum
1170 1504 1381 1536 accensa
1416 1487 1659 1546 iuventus,

128 1570 212 1633 qui
247 1572 400 1619 modo
437 1568 679 1620 Caucasei
714 1568 921 1618 comites
957 1568 1147 1617 rediere
1183 1567 1449 1631 triumphi:

64 1648 67 1651 ⁴
127 1650 286 1699 omnis
321 1652 386 1699 ad
420 1667 555 1699 arma
589 1649 874 1713 rudisager
909 1648 1240 1697 exstimulavit
1275 1650 1523 1696 alumnos.

125 1731 427 1780 conveniunt
461 1732 691 1793 ultroque
727 1729 869 1778 ducis
906 1729 1082 1778 vexilla
1117 1738 1406 1791 sequuntur,

125 1811 210 1875 qui
243 1811 462 1875 gelidum
499 1814 752 1859 Braurona
786 1810 888 1869 viri,
927 1810 1014 1873 qui
1050 1827 1160 1858 rura
1194 1811 1443 1858 lacessunt
1704 1816 1783 1870 615

55 1902 59 1906 ’
126 1891 399 1954 Munychia
434 1900 483 1940 et
517 1890 720 1954 trepidis
757 1890 984 1939 stabilem
1021 1890 1222 1939 Piraeea
1258 1889 1419 1938 nautis

125 1982 174 2021 et
208 1973 434 2021 nondum
471 1974 581 2020 Eoo
617 1973 803 2019 clarum
841 1972 1138 2019 Marathona
1174 1969 1438 2033 triumpho.

126 2052 276 2101 mittit
311 2053 363 2100 in
398 2069 534 2100 arma
570 2068 746 2099 manus
781 2051 1047 2115 gentilibus
1083 2050 1280 2113 hospita
1316 2050 1440 2099 divis

126 2132 271 2182 Icarii
306 2132 544 2195 Celeique
580 2133 774 2191 domus,
813 2131 1091 2194 viridesque
1130 2133 1391 2180 Melaenae

123 2213 261 2263 dives
296 2222 345 2262 et
380 2214 623 2277 Aegaleos
660 2229 923 2260 nemorum
960 2214 1243 2275 Parnesque
1279 2211 1525 2275 benignus
1697 2218 1781 2259 620

123 2294 304 2343 vitibus
341 2302 390 2343 et
426 2292 595 2356 pingui
633 2292 807 2342 melior
845 2293 1125 2356 Lycabesos
1163 2292 1302 2341 oliva.

59 2430 62 2431 ⁷
124 2374 258 2424 venit
292 2383 432 2423 atrox
466 2375 649 2422 Alaeus
686 2382 734 2422 et
771 2373 947 2422 olentis
983 2382 1144 2421 arator
1180 2371 1423 2436 Hymetti,

179 2514 258 2552 595
288 2503 525 2541 etiamnunc
544 2500 586 2539 P
738 2502 819 2551 596
847 2501 928 2540 huc
947 2500 1017 2539 N:
1047 2501 1145 2540 hinc
1168 2501 1206 2551 Q
1314 2514 1453 2551 pegeu
1473 2500 1564 2539 KN
1701 2514 1780 2551 597

124 2557 304 2596 invictus
323 2555 365 2594 P
471 2557 553 2605 598
581 2555 702 2594 edico
721 2555 762 2592 P
869 2557 952 2593 600
980 2555 1157 2594 anheles
1174 2555 1217 2593 P
1337 2557 1417 2594 602
1446 2555 1681 2605 composuit
1700 2555 1787 2593 ΡΝ

111 2614 205 2660 603
236 2623 354 2649 mora
372 2609 414 2647 P
521 2612 603 2657 605
637 2609 810 2658 pulvere
830 2608 1007 2647 vulnera
1029 2609 1068 2658 Q
1190 2610 1269 2658 615
1299 2610 1482 2658 gelidam
1501 2608 1584 2657 BQ
1700 2611 1782 2648 616

125 2665 358 2714 Munychia
390 2662 497 2713 PQ:
530 2663 708 2702 Munitia
739 2663 806 2701 N:
838 2663 1036 2712 Monicya
1068 2663 1139 2701 B:
1184 2663 1366 2702 Monicia
1398 2663 1471 2701 K:
1516 2662 1712 2701 Mouicha
1745 2663 1784 2702 S

124 2718 329 2768 etrepidis
348 2717 390 2755 P
498 2717 669 2765 diraefia
690 2717 779 2770 (sic)
798 2717 842 2755 Β
860 2731 868 2755 :
898 2717 1025 2767 pidea
1042 2716 1107 2755 P:
1137 2717 1270 2766 pireia
1289 2717 1369 2756 NS
1504 2718 1585 2755 618
1614 2716 1781 2766 gentili-

123 2773 200 2811 bus
238 2771 304 2810 P:
352 2770 586 2821 genialibus
627 2769 696 2810 ωδ
875 2773 958 2809 620
1005 2783 1162 2820 aegeos
1199 2770 1241 2808 P
1412 2773 1487 2809 621
1537 2771 1704 2820 pinguis
1742 2770 1784 2808 P

123 2825 541 2919 ‹givaelBQKSlgm
569 2826 712 2865 alaeus
731 2824 770 2876 Q
784 2823 995 2864 Mensius:
1024 2826 1167 2864 alecus
1181 2823 1223 2862 P
1239 2838 1248 2863 :
1277 2823 1420 2877 alseas
1440 2826 1485 2878 <u
1506 2831 1598 2876 sup.
1619 2837 1644 2875 a
1663 2824 1782 2878 add.)

183 2894 192 2919 ι
222 2893 247 2919 a
266 2892 340 2919 eus
833 2906 836 2908 v
