1884 3204
155 77 206 121 P.
248 76 488 125 PAPINI
526 77 730 126 STATI

153 214 384 263 funereae
419 224 537 263 tunc
573 232 790 278 namque
825 218 977 280 dapes
1014 217 1264 282 mediique
1299 235 1522 268 recursus

154 294 284 354 solis,
323 304 371 344 et
407 295 487 344 hic
522 295 605 344 alii
640 296 915 346 miscebant
949 299 1145 361 proelia
1168 301 1351 348 fratres.

225 378 433 439 Iamque
468 379 787 426 Atalantaeas
824 380 1050 442 implerat
1085 379 1287 428 nuntius
1323 381 1452 428 auris

153 456 221 505 ire
258 458 438 505 ducem
474 458 607 506 bello
643 467 899 521 totamque
935 458 1187 522 impellere
1221 469 1395 508 natum
1735 480 1817 519 3¹0
1878 473 1884 484 ²

153 537 451 586 Arcadiam:
499 548 741 588 tremuere
776 541 954 602 gradus
990 542 1255 604 elapsaque
1290 541 1424 589 iuxta

153 620 250 666 tela
268 637 281 678 3
327 619 450 681 fugit
485 619 628 668 silvas
664 620 908 683 pernicior
942 620 1056 670 alite
1092 631 1242 670 vento

153 714 267 746 saxa
302 716 388 762 per
423 709 472 748 et
507 701 665 763 plenis
701 701 950 750 obstantia
984 702 1190 751 flumina
1222 702 1352 766 ripis,

152 780 309 841 qualis
345 790 460 841 erat,
499 791 722 845 correpta
758 782 893 830 sinus
928 791 978 831 et
1012 783 1193 833 vertice
1229 786 1411 833 flavum

150 860 338 909 crinem
374 878 541 925 sparsa
576 865 713 911 Noto
730 881 742 923 3
789 863 938 926 raptis
973 866 1107 912 velut
1141 881 1314 927 aspera
1348 866 1475 914 natis
1737 884 1816 926 315
1859 875 1862 879 '

149 942 451 1004 praedatoris
486 943 603 1005 equi
637 943 858 1006 sequitur
891 944 1094 1008 vestigia
1128 945 1276 1008 tigris.

151 1031 204 1070 ut
241 1023 375 1071 stetit
408 1023 726 1086 adversisque
761 1024 965 1088 impegit
999 1035 1202 1089 pectora
1234 1026 1382 1075 frenis

150 1102 275 1153 *fille
310 1105 375 1152 ad
411 1106 620 1152 humum
656 1107 908 1173 pallens†:
966 1108 1141 1155 ‘Vnde
1176 1109 1300 1156 haec
1324 1107 1590 1158 furibunda
1614 1109 1811 1173 cupido,

150 1193 279 1244 nate,
316 1184 443 1234 tibi?
499 1195 771 1249 teneroque
806 1189 942 1236 unde
976 1187 1205 1250 improba
1237 1198 1438 1252 pectore
1472 1189 1660 1239 virtus?
1849 1188 1853 1191 ¹

150 1275 202 1314 tu
239 1265 381 1314 bellis
417 1276 584 1330 aptare
618 1267 761 1327 viros,
800 1277 854 1316 tu
890 1271 1112 1332 pondera
1146 1271 1269 1319 ferre
1735 1291 1816 1331 320
1852 1275 1857 1279 ’

152 1346 326 1394 Martis
363 1356 411 1396 et
448 1347 680 1397 ensiferas
716 1348 843 1398 inter
877 1359 1018 1413 potes
1054 1350 1123 1399 ire
1159 1354 1413 1400 catervas?

151 1444 454 1491 quamquam
490 1429 681 1478 utinam
719 1429 911 1493 quires!
960 1448 1118 1494 nuper
1153 1441 1202 1480 te
1236 1432 1420 1495 pallida
1447 1432 1561 1493 vidi,

150 1513 271 1560 dum
308 1509 489 1574 premis
525 1510 711 1559 obnixo
745 1512 991 1560 venabula
1025 1512 1305 1562 comminus
1340 1530 1474 1577 apro,

150 1591 338 1655 poplite
373 1591 612 1640 succiduo
648 1592 935 1656 resupinum
971 1610 1029 1642 ac
1065 1610 1224 1657 paene
1258 1603 1484 1644 ruentem
1501 1613 1515 1655 3

150 1683 198 1721 et
234 1672 286 1721 ni
321 1682 523 1722 curvato
559 1672 810 1722 torsissem
847 1673 1037 1737 spicula
1072 1691 1240 1734 cornu,
1734 1696 1813 1738 325

149 1770 283 1802 nunc
319 1753 406 1802 ubi
442 1754 572 1802 bella
606 1753 736 1803 tibi?
785 1754 855 1802 nil
891 1764 940 1803 te
975 1772 1087 1804 mea
1122 1758 1219 1805 tela
1254 1756 1496 1805 iuvabunt

149 1851 242 1883 nec
278 1843 455 1883 teretes
477 1851 632 1883 arcus
671 1835 876 1883 maculis
912 1853 1006 1885 nec
1041 1836 1259 1885 discolor
1293 1837 1409 1886 atris
1876 1858 1884 1911 „5

148 1915 242 1974 hic,
282 1915 363 1964 cui
397 1915 525 1975 fidis,
563 1932 720 1978 equus
738 1934 751 1976 ;
798 1916 988 1979 magnis
1024 1917 1285 1967 conatibus
1320 1918 1487 1978 instas,
1874 1916 1884 1930 ⁴

148 1995 227 2043 vix
265 1998 522 2059 Dryadum
558 1997 787 2045 thalamis
825 1998 1371 2062 Erymanthiadumque
1405 1999 1557 2049 furori

148 2079 478 2140 nympharum
514 2088 704 2127 mature
740 2095 876 2143 puer.
948 2088 1063 2128 sunt
1098 2079 1267 2129 omina
1302 2098 1443 2130 vera:
1552 2101 1554 2103 ¹
1733 2100 1816 2141 330

149 2159 360 2208 mirabar
395 2177 482 2208 cur
516 2163 702 2224 templa
737 2160 860 2209 mihi
895 2161 1153 2210 tremuisse
1191 2161 1383 2212 Dianae

148 2257 305 2304 nuper
341 2250 389 2289 et
425 2241 624 2291 inferior
658 2244 797 2291 vultu
833 2243 928 2292 dea
962 2242 1078 2301 visa,
1117 2242 1366 2306 sacrisque

202 2383 281 2419 307
312 2376 401 2409 turn
422 2370 513 2409 DN
634 2372 828 2421 308-343
857 2372 902 2410 in
922 2371 965 2410 P
979 2372 1032 2410 al.
1053 2385 1108 2411 m.
1131 2372 1271 2423 scripti
1394 2384 1473 2421 314
1504 2374 1514 2393 ‘
1533 2372 1725 2423 collecta,
1745 2374 1771 2414 ι’.
1781 2387 1812 2414 e.

148 2425 387 2464 succincta'
419 2425 625 2464 Heinsius
813 2427 895 2474 318
924 2425 997 2464 ille
1026 2426 1080 2464 ad
1109 2426 1281 2465 humum
1313 2426 1495 2478 pallens]
1529 2427 1719 2477 pallaens
1746 2427 1812 2467 P:

145 2479 233 2517 sine
257 2479 380 2517 dubio
405 2485 645 2530 corruptum
668 2494 677 2519 :
711 2481 885 2530 ‘supple
906 2479 1071 2519 desilit'
1105 2479 1286 2526 Mueller,
1309 2480 1508 2520 absurde:
1545 2481 1615 2520 illa
1641 2482 1694 2521 ad
1715 2495 1813 2521 eum

147 2533 311 2582 pallens
326 2533 594 2583 PeyrareduS.
651 2534 835 2585 Aliquid
845 2534 1036 2574 exm'dzsse
1044 2538 1161 2585 puto.
1273 2547 1353 2583 322
1380 2548 1632 2585 quamquam
1652 2536 1813 2575 utinam

146 2589 288 2637 quires
313 2587 535 2639 Postgate:
564 2601 814 2638 quamquam
847 2589 1002 2628 utinam
1033 2592 1182 2628 tunes!
1214 2588 1346 2629 codd.:
1377 2602 1613 2639 quanquam
1647 2591 1712 2639 (ut
1731 2590 1812 2628 iam

146 2643 303 2691 vireas)
335 2643 585 2694 temptabam
615 2643 739 2682 olim:
771 2652 1010 2693 quanquam
1031 2643 1214 2683 utinam!
1247 2673 1256 2682 .
1281 2673 1289 2682 .
1315 2674 1324 2683 .
1346 2644 1446 2692 uidi,
1465 2644 1635 2695 Bentley
1652 2658 1701 2683 ex
1725 2644 1810 2685 cod.

147 2697 222 2746 qui
250 2697 336 2735 vidi
369 2697 474 2749 (-res
504 2704 595 2748 sup.
626 2698 685 2736 —di
713 2697 827 2748 add.)
856 2697 1073 2748 praebebat
1260 2710 1339 2748 324
1370 2711 1509 2748 poene
1531 2698 1598 2748 Q:
1639 2711 1752 2748 pone
1771 2698 1813 2737 B

145 2763 225 2799 327
257 2752 317 2790 nil
339 2757 496 2791 teretes
516 2752 563 2790 N
700 2764 782 2802 330
811 2752 900 2791 veri
919 2752 1000 2804 BQ
1023 2762 1065 2805 (a
1082 2758 1288 2805 suprascr.
1315 2753 1371 2805 Q)
1498 2766 1575 2805 331
1599 2759 1811 2794 tremuere

144 2804 245 2846 Ald.
411 2819 493 2858 332
523 2807 637 2847 cultu
657 2806 704 2846 N
