1884 3204
940 69 1351 119 THEBAIDOS
1388 71 1603 118 LIBER
1639 73 1712 119 VI

65 202 300 252 Tantalus
335 199 451 248 inde
486 213 674 261 parens,
713 213 815 245 non
852 195 936 260 qui
972 195 1252 244 fallentibus
1290 196 1434 245 undis
1637 207 1715 245 280
1798 239 1803 244 .

65 280 288 334 imminet
321 287 405 327 aut
440 279 636 341 refugae
671 275 885 325 sterilem
921 275 1046 339 rapit
1081 279 1193 324 ae'ra
1229 277 1391 336 silvae,

45 362 152 413 'sed
185 361 293 426 pius
329 369 378 408 et
412 357 576 422 magni
612 356 805 406 vehitur
839 356 1046 405 conviva
1080 356 1336 405 Tonantis.

64 450 199 507 parte
233 439 327 489 alia
361 438 515 487 victor
549 454 691 486 curru
729 436 981 500 Neptunia
1015 436 1174 484 tendit

63 525 166 573 lora
201 522 394 582 Pelops,
429 526 726 581 prensatque
760 526 890 565 rotas
925 516 1090 579 auriga
1126 516 1339 565 natantis

66 600 288 665 Myrtilos
324 608 373 648 et
407 597 591 647 volucri
627 597 724 646 iarn
760 597 958 660 iamque
993 596 1282 660 relinquitur
1307 609 1419 646 axe.
1637 607 1713 657 ²85

45 685 112 736 'et
145 679 300 745 gravis
335 678 553 728 Acrisius
589 678 877 742 speciesque
912 679 1157 727 horrenda
1193 677 1409 727 Coroebi

63 771 112 813 et
147 764 320 810 Danae
354 762 550 824 culpata
585 760 732 820 sinus,
771 769 820 808 et
855 758 906 807 in
940 776 1087 808 amne
1122 768 1314 822 reperto

64 841 209 892 tristis
244 843 538 903 Amymone,
577 856 827 904 parvoque
861 841 1106 888 Alcmena
1140 839 1359 903 superbit

65 923 282 972 Hercule
317 920 586 984 tergemina
621 920 807 970 crinem
843 919 1146 969 circumdata
1180 921 1311 968 luna.

62 1002 270 1065 iungunt
305 1001 543 1051 discordis
579 1000 778 1050 inimica
812 1000 863 1049 in
898 1002 1099 1050 foedera
1133 1001 1327 1050 dextras
1637 1021 1719 1062 290

49 1081 266 1137 ,Belidae
302 1083 501 1142 fratres;
547 1083 635 1131 sed
670 1083 807 1130 vultu
844 1081 1007 1130 mitior
1041 1090 1166 1130 astat

65 1165 316 1227 Aegyptus
332 1181 346 1223 3
385 1162 546 1211 Danai
581 1162 896 1211 manifestum
931 1178 1197 1226 agnoscere
1232 1163 1349 1210 ficto

64 1259 148 1292 ore
182 1251 323 1291 notas
358 1242 594 1306 pacisque
629 1244 786 1291 malae
821 1242 1079 1306 noctisque
1114 1244 1318 1291 futurae.

65 1322 199 1372 mille
235 1322 415 1372 dehinc
452 1323 653 1386 species.
727 1324 927 1372 tandem
965 1322 1138 1371 satiata
1171 1325 1397 1386 voluptas

63 1402 451 1468 praestantisque
485 1402 612 1451 viros
647 1412 790 1451 vocat
824 1404 898 1451 ad*
924 1419 1012 1451 sua
1045 1402 1262 1466 praemia
1295 1401 1459 1450 virtus.
1642 1421 1719 1463 ²95

133 1483 324 1535 Primus
360 1485 510 1532 sudor
545 1482 697 1547 equis.
770 1483 852 1532 dic
886 1483 1066 1543 inclita,
1106 1483 1323 1543 Phoebe,
1362 1491 1618 1546 regentum

63 1564 278 1624 nomina,
316 1563 398 1613 dic
435 1563 604 1627 ipsos;
652 1581 815 1628 neque
851 1564 984 1613 enim
1018 1563 1300 1627 generosior
1335 1581 1572 1628 umquam

63 1644 313 1708 alipedum
349 1647 545 1694 conlata
580 1644 724 1704 acies,
763 1662 854 1694 ceu
890 1653 1122 1709 praepete
1158 1661 1302 1693 cursu

65 1724 329 1789 confligant
367 1726 550 1774 densae
586 1727 808 1775 volucres
842 1734 928 1774 aut
962 1725 1103 1774 litore
1141 1725 1192 1773 in
1228 1741 1330 1773 uno

67 1807 252 1855 Aeolus
287 1805 471 1854 insanis
504 1814 684 1854 statuat
719 1805 988 1854 certamina
1022 1805 1193 1854 ventis.
1643 1824 1724 1866 300

135 1885 344 1939 Ducitur
379 1895 493 1935 ante
529 1886 691 1934 omnis
727 1886 899 1935 rutilae
935 1886 1221 1935 manifestus
1257 1885 1414 1935 Arion

67 1965 179 2030 igne
213 1965 372 2014 iubae.
446 1968 711 2029 Neptunus
746 1983 891 2029 equo,
931 1966 972 2015 si
1007 1975 1139 2015 certa
1174 1965 1392 2030 priorum

68 2048 211 2106 fama,
250 2055 386 2110 pater
403 2064 417 2106 3
462 2046 646 2109 primus
683 2046 863 2095 teneris
898 2046 1096 2096 laesisse
1131 2046 1310 2110 lupatis

69 2143 154 2175 ora
188 2135 237 2175 et
270 2126 443 2175 litoreo
479 2126 746 2176 domitasse
781 2126 832 2175 in
867 2129 1066 2190 pulvere
1101 2129 1263 2187 fertur,

69 2206 351 2256 verberibus
386 2223 590 2270 parcens
607 2225 621 2268 3
668 2207 851 2256 etenim
887 2207 1144 2257 insatiatus
1181 2207 1332 2256 eundi
1642 2228 1725 2269 305

69 2288 214 2338 ardor
248 2296 297 2336 et
332 2287 540 2335 hiberno
574 2304 662 2351 par
696 2287 1028 2336 inconstantia
1063 2297 1234 2351 ponto.

70 2382 216 2430 saepe
251 2383 338 2430 per
373 2367 571 2417 Ionium
609 2367 951 2431 Libycumque
986 2368 1269 2417 natantibus
1304 2367 1372 2418 ire

69 2445 390 2496 interiunctus
426 2446 565 2510 equis
602 2447 863 2512 omnisque
897 2457 1114 2497 assuerat
1148 2447 1200 2496 in
1235 2464 1344 2496 oras

46 2621 50 2624 θ
123 2575 199 2613 281
232 2574 379 2624 refuga
407 2574 480 2615 P:
523 2575 727 2626 refugsse
763 2575 876 2626 (suit
904 2574 1106 2627 refugit‘ss)
1147 2575 1188 2626 Q
1411 2576 1490 2614 282
1517 2575 1650 2614 veluti
1688 2576 1728 2627 Q

67 2627 149 2678 283
176 2640 340 2668 currum
372 2629 412 2680 Q
565 2683 574 2691 ι
603 2631 684 2667 286
710 2642 793 2678 que
831 2642 916 2669 om.
957 2629 1003 2668 N
1124 2683 1132 2691 ²
1192 2630 1270 2679 287
1300 2635 1342 2668 et
1374 2627 1439 2680 in]
1476 2637 1604 2679 atque
1642 2629 1734 2668 DN

65 2681 299 2776 {33⁶2}ss
327 2735 396 2774 ωε
456 2695 532 2733 ²⁹¹
556 2683 809 2776 ssnztaizfista
826 2683 1226 2776 P·²i911²cliigg;2}us
1245 2684 1338 2724 DN
1371 2751 1396 2776 2
1481 2686 1729 2789 {3342‘3‘025

69 2765 150 2840 3023
178 2781 252 2840 pa?
281 2793 499 2840 (suprascr.
523 2750 654 2830 aL9m.
676 2791 818 2842 patru)
848 2767 912 2830 P':
952 2797 1066 2840 patet
1098 2790 1202 2841 QN:
1242 2791 1320 2830 suit
1348 2791 1389 2829 A
1399 2750 1453 2788 99
1477 2804 1533 2829 cm
1563 2792 1726 2833 teneri?

67 2854 147 2895 304
177 2844 390 2883 domuisse
411 2844 459 2882 N
617 2847 700 2898 308
728 2846 926 2885 adsuerat
944 2845 1015 2887 Pa
1041 2846 1242 2886 adsuetus
1262 2845 1324 2885 vel
1339 2851 1533 2885 assuetus
1545 2846 1622 2939 lag}
1682 2903 1684 2905 v
