1884 3204
158 104 210 150 P.
251 103 492 152 PAPINI
528 104 733 153 STATI

226 243 421 290 Interea
454 242 622 305 patriis
656 242 775 291 olim
810 257 961 304 vagus
1008 243 1145 290 exsul
1178 242 1244 290 ab
1279 241 1376 291 oris
1408 274 1411 276 —

157 321 586 385 Oedipodionides
621 324 751 371 furto
786 324 979 371 deserta
1013 330 1227 385 pererrat

156 402 362 451 Aoniae.
434 402 532 450 iam
568 402 767 465 iamque
801 401 955 450 animi
990 404 1119 451 male
1154 402 1324 451 debita
1358 419 1508 466 regna

155 483 386 546 concipit,
425 492 474 531 et
508 485 711 546 longum
748 481 897 545 signis
933 482 1282 532 cunctantibus
1316 500 1502 532 annum
1739 503 1819 543 3¹5

157 573 283 612 stare
317 563 482 627 gemit.
554 572 690 612 tenet
724 580 824 611 una
858 562 964 611 dies
1000 572 1273 626 noctesque
1307 581 1560 614 recursans

157 661 273 692 cura
308 643 479 702 virum,
519 643 559 692 si
595 645 799 706 quando
835 642 1075 692 humilem
1112 645 1355 693 decedere
1396 661 1548 709 regno

155 741 442 786 germanum
479 732 528 772 et
564 733 720 772 semet
755 723 945 772 Thebis
981 723 1261 787 opibusque
1295 725 1508 788 potitum

156 813 376 853 cerneret
392 822 406 864 3
441 805 536 852 hac
570 820 748 852 aevum
785 803 953 867 cupiat
987 820 1078 866 pro
1114 806 1225 854 luce
1260 805 1457 869 pacisci.

155 901 289 933 nunc
324 884 542 947 queritur
576 901 668 933 ceu
704 886 844 933 tarda
878 886 1022 947 fugae
1056 884 1335 949 dispendia,
1373 888 1462 936 sed
1498 905 1614 938 mox
1739 908 1821 947 320

152 964 330 1014 attollit
365 967 509 1013 flatus
544 965 685 1014 ducis
721 974 770 1014 et
805 965 992 1015 sedisse
1027 967 1268 1030 superbus

153 1045 348 1095 deiecto
383 1045 481 1094 iam
516 1047 662 1095 fratre
695 1055 868 1109 putat:
905 1063 1017 1110 spes
1052 1047 1196 1096 anxia
1231 1057 1450 1098 mentem

153 1127 360 1176 extrahit
395 1136 443 1176 et
478 1129 628 1191 longo
663 1127 912 1176 consumit
945 1128 1126 1191 gaudia
1159 1138 1290 1178 voto.

152 1218 271 1258 tunc
306 1210 458 1269 sedet,
498 1208 729 1257 Inachias
763 1209 910 1257 urbes
948 1209 1271 1273 Danaeiaque
1305 1227 1420 1258 arva

152 1300 202 1339 et
237 1289 489 1353 caligantis
524 1290 736 1352 abrupto
772 1292 876 1339 sole
913 1292 1153 1353 Mycenas
1743 1311 1820 1354 3²5

152 1373 276 1421 ferre
311 1371 401 1421 iter
435 1371 760 1435 impavidum,
795 1389 883 1422 seu
919 1372 1116 1436 praevia
1150 1372 1289 1422 ducit
1326 1373 1519 1437 Erinys,

154 1470 239 1502 seu
275 1455 374 1502 fors
408 1453 491 1502 illa
525 1453 647 1513 viae,
686 1453 788 1502 sive
823 1455 916 1503 hac
951 1453 1160 1503 immota
1192 1455 1404 1504 vocabat

153 1537 382 1598 Atropos.
457 1534 659 1598 Ogygiis
694 1537 880 1583 ululata
914 1534 1159 1584 furoribus
1193 1544 1334 1584 antra

153 1615 333 1664 deserit
369 1625 417 1664 et
452 1615 647 1679 pinguis
685 1617 915 1665 Baccheo
951 1615 1189 1679 sanguine
1229 1618 1396 1665 colles.

152 1697 269 1746 inde
304 1699 514 1761 plagam,
552 1714 651 1760 qua
685 1699 835 1746 molle
870 1699 1050 1746 sedens
1084 1697 1135 1745 in
1171 1699 1318 1761 plana
1355 1697 1625 1748 Cithaeron
1743 1717 1822 1757 330

152 1777 410 1841 porrigitur
445 1780 729 1842 lassumque
764 1778 967 1827 inclinat
1002 1780 1066 1827 ad
1101 1795 1318 1841 aequora
1354 1788 1594 1841 montem,

153 1858 394 1922 praeterit.
467 1859 583 1908 hinc
617 1867 721 1908 arte
756 1861 1024 1922 scopuloso
1058 1859 1110 1907 in
1146 1859 1301 1908 limite
1336 1860 1562 1924 pendens

152 1939 348 1988 infamis
385 1939 588 1989 Scirone
623 1949 785 2003 petras
821 1942 1142 2003 Scyllaeaque
1176 1957 1286 1989 rura

153 2037 399 2084 purpureo
434 2029 635 2085 regnata
670 2020 775 2069 seni
811 2021 1084 2084 mitemque
1121 2020 1401 2071 Corinthon

152 2101 330 2165 linquit
366 2111 414 2151 et
449 2102 500 2150 in
536 2101 713 2151 mediis
749 2102 889 2151 audit
923 2103 1027 2151 duo
1063 2101 1206 2151 litora
1240 2101 1443 2165 campis.
1743 2122 1820 2164 335

222 2185 430 2246 Iamque
466 2200 553 2246 per
587 2182 777 2232 emeriti
814 2199 1017 2247 surgens
1053 2183 1270 2232 confinia
1307 2183 1499 2234 Phoebi

151 2263 343 2313 Titanis
378 2266 488 2325 late,
526 2266 718 2313 mundo
753 2265 990 2314 subvecta
1023 2265 1200 2325 silenti,

153 2345 351 2394 rorifera
385 2345 603 2408 gelidum
640 2355 925 2395 tenuaverat
960 2349 1073 2395 aera
1106 2346 1254 2410 biga3

154 2426 251 2474 iam
287 2428 505 2489 pecudes
540 2428 864 2490 volucresque
900 2436 1084 2489 tacent,
1119 2427 1218 2476 iam
1254 2429 1470 2477 Somnus
1506 2426 1662 2476 avaris

207 2567 287 2605 314
315 2555 443 2594 animi
472 2554 674 2595 Mueller:
694 2556 846 2595 animis
876 2555 1029 2595 PBD:
1058 2555 1222 2595 animus
1251 2555 1322 2607 Q:
1349 2556 1491 2595 animo
1520 2555 1563 2595 A
1738 2568 1819 2606 319

153 2610 279 2648 laude
299 2610 414 2660 (luce
433 2611 659 2662 suprascr.)
691 2610 730 2660 Q
866 2623 943 2660 321
975 2611 1109 2650 fastus
1136 2610 1178 2648 A
1292 2611 1525 2661 superbum
1555 2610 1594 2662 Q
1737 2623 1819 2660 322

155 2666 237 2702 iam
266 2663 329 2703 P:
372 2676 419 2702 se
449 2679 479 2701 ω
669 2666 751 2713 328
779 2665 997 2704 sororibus
1026 2664 1066 2715 Q
1261 2677 1344 2715 329
1373 2665 1588 2718 Baccheo]
1625 2665 1820 2705 Pentheo

153 2718 288 2756 Barth
308 2717 507 2757 Heinsius
615 2731 697 2768 330
726 2719 837 2758 mole
857 2720 1026 2772 (†rnore
1046 2720 1270 2770 suprascr.)
1292 2719 1337 2757 D
1459 2731 1536 2770 331
1568 2720 1818 2770 lapsumque

155 2771 238 2821 QD
348 2771 556 2823 montem]
577 2786 634 2812 an
656 2774 837 2814 molem?
1003 2786 1083 2823 332
1111 2780 1253 2813 arctus
1278 2775 1464 2827 (†arcte)
1492 2773 1536 2812 A
1666 2786 1746 2825 337
1776 2780 1819 2812 et

154 2826 237 2865 late
260 2826 303 2865 P
382 2828 584 2866 subvecta
602 2826 686 2865 PD
706 2828 950 2880 (†subiecta
969 2827 1013 2866 D
1031 2827 1119 2867 ead.
1144 2829 1223 2880 m.)
1244 2842 1254 2866 ε
1282 2828 1472 2868 subiecta
1499 2827 1628 2879 ABQ
1735 2839 1818 2879 339

153 2881 308 2920 amaris
336 2878 626 2920 Lindenbruch
