<?xml version="1.0" encoding="UTF-8"?>
<!DOCTYPE html PUBLIC "-//W3C//DTD XHTML 1.0 Transitional//EN"
    "http://www.w3.org/TR/xhtml1/DTD/xhtml1-transitional.dtd">
<html xmlns="http://www.w3.org/1999/xhtml" xml:lang="en" lang="en">
 <head>
  <title>
</title>
<meta http-equiv="Content-Type" content="text/html;charset=utf-8" />
  <meta name='ocr-system' content='tesseract 3.04.00' />
  <meta name='ocr-capabilities' content='ocr_page ocr_carea ocr_par ocr_line ocrx_word'/>
</head>
<body>
  <div class='ocr_page' id='page_1' title='image "./thebaisetachille00statuoft_0016.png"; bbox 0 0 1884 3204; ppageno 0'>
   <div class='ocr_carea' id='block_1_1' title="bbox 1189 67 1213 85">
    <p class='ocr_par' dir='ltr' id='par_1_1' title="bbox 1189 67 1213 85">
     <span class='ocr_line' id='line_1_1' title="bbox 1189 67 1213 85; baseline 0 0"><span class='ocrx_word' id='word_1_1' title='bbox 1189 67 1213 85; x_wconf 67' lang='lat'><strong>§-</strong></span> 
     </span>
    </p>
   </div>
   <div class='ocr_carea' id='block_1_2' title="bbox 773 123 1179 174">
    <p class='ocr_par' dir='ltr' id='par_1_2' title="bbox 773 123 1179 174">
     <span class='ocr_line' id='line_1_2' title="bbox 773 123 1179 174; baseline -0.002 0"><span class='ocrx_word' id='word_1_2' title='bbox 773 123 1179 174; x_wconf 90' lang='lat' dir='ltr'><strong>PRAEFATIO</strong></span> 
     </span>
    </p>
   </div>
   <div class='ocr_carea' id='block_1_3' title="bbox 141 261 1808 729">
    <p class='ocr_par' dir='ltr' id='par_1_3' title="bbox 141 261 1808 729">
     <span class='ocr_line' id='line_1_3' title="bbox 143 261 1805 326; baseline 0 -14"><span class='ocrx_word' id='word_1_3' title='bbox 143 262 349 313; x_wconf 87' lang='lat' dir='ltr'><strong>excussi.</strong></span> <span class='ocrx_word' id='word_1_4' title='bbox 421 265 604 313; x_wconf 90' lang='lat' dir='ltr'><strong>Forma</strong></span> <span class='ocrx_word' id='word_1_5' title='bbox 627 271 702 312; x_wconf 90' lang='lat' dir='ltr'><strong>est</strong></span> <span class='ocrx_word' id='word_1_6' title='bbox 737 261 1060 326; x_wconf 90' lang='lat' dir='ltr'><strong>quartanaria,</strong></span> <span class='ocrx_word' id='word_1_7' title='bbox 1093 262 1195 310; x_wconf 90' lang='lat' dir='ltr'><strong>foll.</strong></span> <span class='ocrx_word' id='word_1_8' title='bbox 1227 278 1335 322; x_wconf 90' lang='lat'>124,</span> <span class='ocrx_word' id='word_1_9' title='bbox 1361 262 1625 312; x_wconf 85' lang='lat' dir='ltr'><strong>Thebaida</strong></span> <span class='ocrx_word' id='word_1_10' title='bbox 1647 265 1805 313; x_wconf 87' lang='lat' dir='ltr'><strong>solam</strong></span> 
     </span>
     <span class='ocr_line' id='line_1_4' title="bbox 143 342 1807 408; baseline 0.001 -15"><span class='ocrx_word' id='word_1_11' title='bbox 143 344 417 404; x_wconf 91' lang='lat' dir='ltr'><strong>continens,</strong></span> <span class='ocrx_word' id='word_1_12' title='bbox 459 343 637 408; x_wconf 83' lang='lat' dir='ltr'><strong>sparsis</strong></span> <span class='ocrx_word' id='word_1_13' title='bbox 673 343 848 408; x_wconf 87' lang='lat' dir='ltr'><strong>glossis</strong></span> <span class='ocrx_word' id='word_1_14' title='bbox 885 343 1166 390; x_wconf 87' lang='lat' dir='ltr'><strong>instructus.</strong></span> <span class='ocrx_word' id='word_1_15' title='bbox 1240 342 1544 393; x_wconf 88' lang='lat' dir='ltr'><strong>Exciderunt</strong></span> <span class='ocrx_word' id='word_1_16' title='bbox 1571 346 1671 394; x_wconf 91' lang='lat' dir='ltr'><strong>foll.</strong></span> <span class='ocrx_word' id='word_1_17' title='bbox 1714 363 1807 394; x_wconf 84' lang='lat' dir='ltr'><strong>1-x</strong></span> 
     </span>
     <span class='ocr_line' id='line_1_5' title="bbox 149 422 1802 483; baseline 0.001 -9"><span class='ocrx_word' id='word_1_18' title='bbox 149 425 295 474; x_wconf 89' lang='lat' dir='ltr'><strong>=lib.</strong></span> <span class='ocrx_word' id='word_1_19' title='bbox 339 425 368 473; x_wconf 91' lang='lat' dir='ltr'><strong>i.</strong></span> <span class='ocrx_word' id='word_1_20' title='bbox 408 434 458 474; x_wconf 91' lang='lat' dir='ltr'><strong>et</strong></span> <span class='ocrx_word' id='word_1_21' title='bbox 498 425 581 473; x_wconf 91' lang='lat' dir='ltr'><strong>lib.</strong></span> <span class='ocrx_word' id='word_1_22' title='bbox 627 424 674 472; x_wconf 88' lang='lat' dir='ltr'><strong>ii.</strong></span> <span class='ocrx_word' id='word_1_23' title='bbox 724 426 867 483; x_wconf 87' lang='lat'><strong>1-62,</strong></span> <span class='ocrx_word' id='word_1_24' title='bbox 911 424 1060 471; x_wconf 89' lang='lat' dir='ltr'><strong>etiam</strong></span> <span class='ocrx_word' id='word_1_25' title='bbox 1092 422 1267 471; x_wconf 90' lang='lat' dir='ltr'><strong>folium</strong></span> <span class='ocrx_word' id='word_1_26' title='bbox 1300 423 1684 475; x_wconf 90' lang='lat' dir='ltr'><strong>ultimum=lib.</strong></span> <span class='ocrx_word' id='word_1_27' title='bbox 1722 425 1802 475; x_wconf 88' lang='lat' dir='ltr'><strong>xii.</strong></span> 
     </span>
     <span class='ocr_line' id='line_1_6' title="bbox 145 503 1808 569; baseline 0.001 -15"><span class='ocrx_word' id='word_1_28' title='bbox 145 509 405 569; x_wconf 86' lang='lat'>761-819:</span> <span class='ocrx_word' id='word_1_29' title='bbox 441 507 530 554; x_wconf 91' lang='lat' dir='ltr'><strong>has</strong></span> <span class='ocrx_word' id='word_1_30' title='bbox 568 507 769 554; x_wconf 91' lang='lat' dir='ltr'><strong>lacunas</strong></span> <span class='ocrx_word' id='word_1_31' title='bbox 807 503 936 552; x_wconf 89' lang='lat' dir='ltr'><strong>foliis</strong></span> <span class='ocrx_word' id='word_1_32' title='bbox 969 503 1110 552; x_wconf 88' lang='lat' dir='ltr'><strong>novis</strong></span> <span class='ocrx_word' id='word_1_33' title='bbox 1141 503 1315 552; x_wconf 91' lang='lat' dir='ltr'><strong>insutis</strong></span> <span class='ocrx_word' id='word_1_34' title='bbox 1351 506 1596 568; x_wconf 90' lang='lat' dir='ltr'><strong>supplevit</strong></span> <span class='ocrx_word' id='word_1_35' title='bbox 1631 523 1808 556; x_wconf 90' lang='lat' dir='ltr'><strong>manus</strong></span> 
     </span>
     <span class='ocr_line' id='line_1_7' title="bbox 143 584 1808 651; baseline 0.002 -17"><span class='ocrx_word' id='word_1_36' title='bbox 143 586 317 635; x_wconf 88' lang='lat' dir='ltr'><strong>Italica</strong></span> <span class='ocrx_word' id='word_1_37' title='bbox 354 585 431 651; x_wconf 89' lang='lat' dir='ltr'><strong>(ut</strong></span> <span class='ocrx_word' id='word_1_38' title='bbox 462 585 660 651; x_wconf 86' lang='lat' dir='ltr'>opinor)</span> <span class='ocrx_word' id='word_1_39' title='bbox 696 602 821 634; x_wconf 90' lang='lat' dir='ltr'><strong>saec.</strong></span> <span class='ocrx_word' id='word_1_40' title='bbox 860 602 949 644; x_wconf 87' lang='lat' dir='ltr'><strong>xv,·</strong></span> <span class='ocrx_word' id='word_1_41' title='bbox 965 584 1139 647; x_wconf 90' lang='lat' dir='ltr'><strong>prioris</strong></span> <span class='ocrx_word' id='word_1_42' title='bbox 1172 584 1355 634; x_wconf 90' lang='lat' dir='ltr'><strong>librarii</strong></span> <span class='ocrx_word' id='word_1_43' title='bbox 1390 603 1594 636; x_wconf 88' lang='lat' dir='ltr'><strong>manum</strong></span> <span class='ocrx_word' id='word_1_44' title='bbox 1629 587 1808 638; x_wconf 89' lang='lat' dir='ltr'><strong>callide</strong></span> 
     </span>
     <span class='ocr_line' id='line_1_8' title="bbox 141 665 1153 729; baseline -0.001 -15"><span class='ocrx_word' id='word_1_45' title='bbox 141 667 342 716; x_wconf 88' lang='lat' dir='ltr'><strong>imitata.</strong></span> <span class='ocrx_word' id='word_1_46' title='bbox 416 670 589 716; x_wconf 84' lang='lat' dir='ltr'><strong>Exstat</strong></span> <span class='ocrx_word' id='word_1_47' title='bbox 624 665 919 729; x_wconf 89' lang='lat' dir='ltr'><strong>subscriptio</strong></span> <span class='ocrx_word' id='word_1_48' title='bbox 954 665 1037 714; x_wconf 90' lang='lat' dir='ltr'><strong>lib.</strong></span> <span class='ocrx_word' id='word_1_49' title='bbox 1075 665 1153 714; x_wconf 88' lang='lat' dir='ltr'><strong>xii.</strong></span> 
     </span>
    </p>
   </div>
   <div class='ocr_carea' id='block_1_4' title="bbox 334 787 1664 1083">
    <p class='ocr_par' dir='ltr' id='par_1_4' title="bbox 334 787 1664 1083">
     <span class='ocr_line' id='line_1_9' title="bbox 334 787 1664 856; baseline 0.002 -19"><span class='ocrx_word' id='word_1_50' title='bbox 334 804 491 838; x_wconf 84' lang='lat' dir='ltr'>LIBER</span> <span class='ocrx_word' id='word_1_51' title='bbox 527 791 752 838; x_wconf 78' lang='lat' dir='ltr'><strong>REVENMt</strong></span> <span class='ocrx_word' id='word_1_52' title='bbox 788 791 883 837; x_wconf 71' lang='lat' dir='ltr'><strong>Dffi</strong></span> <span class='ocrx_word' id='word_1_53' title='bbox 920 790 1015 836; x_wconf 62' lang='lat' dir='ltr'><strong>Dffl&#39;</strong></span> <span class='ocrx_word' id='word_1_54' title='bbox 1050 790 1232 853; x_wconf 70' lang='lat' dir='ltr'><strong>Dlsssl</strong></span> <span class='ocrx_word' id='word_1_55' title='bbox 1270 787 1476 851; x_wconf 80' lang='lat' dir='ltr'><strong>(nomine</strong></span> <span class='ocrx_word' id='word_1_56' title='bbox 1509 791 1664 856; x_wconf 85' lang='lat' dir='ltr'><strong>eraso)</strong></span> 
     </span>
     <span class='ocr_line' id='line_1_10' title="bbox 561 884 1380 920; baseline 0.002 -2"><span class='ocrx_word' id='word_1_57' title='bbox 561 884 879 919; x_wconf 87' lang='lat' dir='ltr'><strong>CARDINALIS</strong></span> <span class='ocrx_word' id='word_1_58' title='bbox 914 884 1380 920; x_wconf 86' lang='lat' dir='ltr'>PRAESTANTISSIMI</span> 
     </span>
     <span class='ocr_line' id='line_1_11' title="bbox 338 952 1598 1019; baseline -0.001 -16"><span class='ocrx_word' id='word_1_59' title='bbox 338 966 706 1004; x_wconf 85' lang='lat' dir='ltr'><strong>CIARPELLONE</strong></span> <span class='ocrx_word' id='word_1_60' title='bbox 742 965 1078 1000; x_wconf 85' lang='lat' dir='ltr'>VVLGARITER</span> <span class='ocrx_word' id='word_1_61' title='bbox 1114 966 1456 1002; x_wconf 87' lang='lat' dir='ltr'><strong>NVNCVPATVS</strong></span> <span class='ocrx_word' id='word_1_62' title='bbox 1492 952 1598 1019; x_wconf 83' lang='lat' dir='ltr'><strong>(sic)</strong></span> 
     </span>
     <span class='ocr_line' id='line_1_12' title="bbox 493 1047 1451 1083; baseline 0.001 -1"><span class='ocrx_word' id='word_1_63' title='bbox 493 1047 749 1082; x_wconf 81' lang='lat' dir='ltr'><strong>N1COLAvs</strong></span> <span class='ocrx_word' id='word_1_64' title='bbox 786 1047 1040 1081; x_wconf 82' lang='lat' dir='ltr'><strong>FVLGINAS</strong></span> <span class='ocrx_word' id='word_1_65' title='bbox 1076 1047 1194 1082; x_wconf 88' lang='lat' dir='ltr'><strong>Doc.</strong></span> <span class='ocrx_word' id='word_1_66' title='bbox 1233 1049 1451 1083; x_wconf 80' lang='lat' dir='ltr'>ARTIVM.</span> 
     </span>
    </p>
   </div>
   <div class='ocr_carea' id='block_1_5' title="bbox 140 1147 1812 3145">
    <p class='ocr_par' dir='ltr' id='par_1_5' title="bbox 211 1147 1692 1702">
     <span class='ocr_line' id='line_1_13' title="bbox 211 1147 1105 1214; baseline -0.006 -13"><span class='ocrx_word' id='word_1_67' title='bbox 211 1155 271 1201; x_wconf 91' lang='lat' dir='ltr'><strong>In</strong></span> <span class='ocrx_word' id='word_1_68' title='bbox 295 1167 452 1201; x_wconf 89' lang='lat' dir='ltr'><strong>vacua</strong></span> <span class='ocrx_word' id='word_1_69' title='bbox 474 1149 655 1214; x_wconf 83' lang='lat' dir='ltr'><strong>pagina</strong></span> <span class='ocrx_word' id='word_1_70' title='bbox 678 1147 906 1212; x_wconf 85' lang='lat' dir='ltr'><strong>sequenti</strong></span> <span class='ocrx_word' id='word_1_71' title='bbox 930 1148 1105 1212; x_wconf 90' lang='lat' dir='ltr'><strong>legitur</strong></span> 
     </span>
     <span class='ocr_line' id='line_1_14' title="bbox 378 1229 1500 1282; baseline -0.002 -1"><span class='ocrx_word' id='word_1_72' title='bbox 378 1231 534 1281; x_wconf 93' lang='lat' dir='ltr'><strong>Iulius</strong></span> <span class='ocrx_word' id='word_1_73' title='bbox 559 1232 743 1282; x_wconf 87' lang='lat' dir='ltr'><strong>Caesar</strong></span> <span class='ocrx_word' id='word_1_74' title='bbox 765 1229 1070 1279; x_wconf 90' lang='lat' dir='ltr'><strong>Valencinus</strong></span> <span class='ocrx_word' id='word_1_75' title='bbox 1096 1229 1500 1280; x_wconf 89' lang='lat' dir='ltr'><strong>bibliothecarius</strong></span> 
     </span>
     <span class='ocr_line' id='line_1_15' title="bbox 738 1304 1190 1375; baseline 0.002 -16"><span class='ocrx_word' id='word_1_76' title='bbox 738 1311 862 1360; x_wconf 92' lang='lat' dir='ltr'><strong>obiit</strong></span> <span class='ocrx_word' id='word_1_77' title='bbox 885 1304 1019 1360; x_wconf 90' lang='lat' dir='ltr'><strong>anno</strong></span> <span class='ocrx_word' id='word_1_78' title='bbox 1050 1315 1190 1375; x_wconf 91' lang='lat'><strong>1652.</strong></span> 
     </span>
     <span class='ocr_line' id='line_1_16' title="bbox 243 1391 1692 1457; baseline -0.001 -13"><span class='ocrx_word' id='word_1_79' title='bbox 243 1395 463 1444; x_wconf 91' lang='lat' dir='ltr'><strong>Michael</strong></span> <span class='ocrx_word' id='word_1_80' title='bbox 494 1395 716 1457; x_wconf 88' lang='lat' dir='ltr'><strong>Angelus</strong></span> <span class='ocrx_word' id='word_1_81' title='bbox 739 1391 970 1441; x_wconf 92' lang='lat' dir='ltr'><strong>Zaccaria</strong></span> <span class='ocrx_word' id='word_1_82' title='bbox 1002 1394 1262 1441; x_wconf 88' lang='lat' dir='ltr'><strong>Romanus</strong></span> <span class='ocrx_word' id='word_1_83' title='bbox 1286 1392 1692 1443; x_wconf 88' lang='lat' dir='ltr'><strong>bibliothecarius</strong></span> 
     </span>
     <span class='ocr_line' id='line_1_17' title="bbox 437 1474 1511 1540; baseline -0.001 -16"><span class='ocrx_word' id='word_1_84' title='bbox 437 1475 554 1525; x_wconf 91' lang='lat' dir='ltr'><strong>fecit</strong></span> <span class='ocrx_word' id='word_1_85' title='bbox 577 1475 827 1537; x_wconf 73' lang='lat' dir='ltr'><strong>annollsl</strong></span> <span class='ocrx_word' id='word_1_86' title='bbox 851 1474 948 1536; x_wconf 74' lang='lat' dir='ltr'><strong>(his</strong></span> <span class='ocrx_word' id='word_1_87' title='bbox 970 1475 1123 1523; x_wconf 82' lang='lat' dir='ltr'><strong>verbis</strong></span> <span class='ocrx_word' id='word_1_88' title='bbox 1134 1482 1293 1537; x_wconf 82' lang='lat' dir='ltr'><strong>paene</strong></span> <span class='ocrx_word' id='word_1_89' title='bbox 1314 1474 1511 1540; x_wconf 61' lang='lat' dir='ltr'><strong>delelzk).</strong></span> 
     </span>
     <span class='ocr_line' id='line_1_18' title="bbox 414 1555 1650 1607; baseline -0.002 0"><span class='ocrx_word' id='word_1_90' title='bbox 414 1555 821 1607; x_wconf 91' lang='lat' dir='ltr'><strong>Gubernantibus</strong></span> <span class='ocrx_word' id='word_1_91' title='bbox 853 1557 976 1604; x_wconf 60' lang='grc' dir='ltr'><strong>111ῐῃει</strong></span> <span class='ocrx_word' id='word_1_92' title='bbox 1002 1557 1102 1603; x_wconf 93' lang='lat' dir='ltr'><strong>DD</strong></span> <span class='ocrx_word' id='word_1_93' title='bbox 1128 1557 1371 1605; x_wconf 90' lang='lat' dir='ltr'><strong>francisco</strong></span> <span class='ocrx_word' id='word_1_94' title='bbox 1395 1557 1459 1604; x_wconf 95' lang='lat' dir='ltr'><strong>de</strong></span> <span class='ocrx_word' id='word_1_95' title='bbox 1485 1555 1650 1605; x_wconf 91' lang='lat' dir='ltr'><strong>Fabiis</strong></span> 
     </span>
     <span class='ocr_line' id='line_1_19' title="bbox 276 1636 1687 1702; baseline -0.001 -15"><span class='ocrx_word' id='word_1_96' title='bbox 276 1638 482 1702; x_wconf 90' lang='lat' dir='ltr'><strong>Virgilio</strong></span> <span class='ocrx_word' id='word_1_97' title='bbox 513 1637 691 1688; x_wconf 91' lang='lat' dir='ltr'><strong>Cincio</strong></span> <span class='ocrx_word' id='word_1_98' title='bbox 715 1638 918 1686; x_wconf 91' lang='lat' dir='ltr'><strong>Andrea</strong></span> <span class='ocrx_word' id='word_1_99' title='bbox 943 1638 1091 1685; x_wconf 91' lang='lat' dir='ltr'><strong>Muto</strong></span> <span class='ocrx_word' id='word_1_100' title='bbox 1116 1645 1164 1685; x_wconf 93' lang='lat' dir='ltr'><strong>et</strong></span> <span class='ocrx_word' id='word_1_101' title='bbox 1189 1636 1450 1686; x_wconf 91' lang='lat' dir='ltr'><strong>Ludovico</strong></span> <span class='ocrx_word' id='word_1_102' title='bbox 1476 1636 1687 1687; x_wconf 89' lang='lat' dir='ltr'><strong>Casalio.</strong></span> 
     </span>
    </p>

    <p class='ocr_par' dir='ltr' id='par_1_6' title="bbox 211 1717 1804 1769">
     <span class='ocr_line' id='line_1_20' title="bbox 211 1717 1804 1769; baseline -0.002 0"><span class='ocrx_word' id='word_1_103' title='bbox 211 1723 367 1769; x_wconf 92' lang='lat' dir='ltr'><strong>Hunc</strong></span> <span class='ocrx_word' id='word_1_104' title='bbox 383 1719 609 1769; x_wconf 88' lang='lat' dir='ltr'><strong>codicem</strong></span> <span class='ocrx_word' id='word_1_105' title='bbox 625 1720 726 1767; x_wconf 87' lang='lat' dir='ltr'><strong>fere</strong></span> <span class='ocrx_word' id='word_1_106' title='bbox 740 1717 864 1767; x_wconf 90' lang='lat' dir='ltr'><strong>nulli</strong></span> <span class='ocrx_word' id='word_1_107' title='bbox 888 1735 1006 1767; x_wconf 91' lang='lat' dir='ltr'><strong>suae</strong></span> <span class='ocrx_word' id='word_1_108' title='bbox 1020 1717 1235 1766; x_wconf 89' lang='lat' dir='ltr'><strong>familiae</strong></span> <span class='ocrx_word' id='word_1_109' title='bbox 1250 1717 1377 1767; x_wconf 88' lang='lat' dir='ltr'><strong>libro</strong></span> <span class='ocrx_word' id='word_1_110' title='bbox 1393 1720 1569 1767; x_wconf 93' lang='lat' dir='ltr'><strong>cedere</strong></span> <span class='ocrx_word' id='word_1_111' title='bbox 1584 1717 1804 1767; x_wconf 86' lang='lat' dir='ltr'><strong>arbitror.</strong></span> 
     </span>
    </p>

    <p class='ocr_par' dir='ltr' id='par_1_7' title="bbox 140 1798 1812 3080">
     <span class='ocr_line' id='line_1_21' title="bbox 210 1798 1809 1863; baseline 0 -14"><span class='ocrx_word' id='word_1_112' title='bbox 210 1804 386 1851; x_wconf 87' lang='lat' dir='ltr'><strong>Restat</strong></span> <span class='ocrx_word' id='word_1_113' title='bbox 423 1809 478 1849; x_wconf 95' lang='lat' dir='ltr'><strong>ut</strong></span> <span class='ocrx_word' id='word_1_114' title='bbox 512 1802 576 1849; x_wconf 94' lang='lat' dir='ltr'><strong>de</strong></span> <span class='ocrx_word' id='word_1_115' title='bbox 607 1799 705 1849; x_wconf 89' lang='lat' dir='ltr'><strong>alio</strong></span> <span class='ocrx_word' id='word_1_116' title='bbox 739 1801 960 1863; x_wconf 91' lang='lat' dir='ltr'><strong>quodam</strong></span> <span class='ocrx_word' id='word_1_117' title='bbox 992 1798 1167 1848; x_wconf 90' lang='lat' dir='ltr'><strong>codice</strong></span> <span class='ocrx_word' id='word_1_118' title='bbox 1190 1816 1220 1847; x_wconf 92' lang='lat' dir='ltr'><strong>a</strong></span> <span class='ocrx_word' id='word_1_119' title='bbox 1255 1815 1337 1847; x_wconf 90' lang='lat' dir='ltr'><strong>me</strong></span> <span class='ocrx_word' id='word_1_120' title='bbox 1366 1798 1593 1848; x_wconf 90' lang='lat' dir='ltr'><strong>adhibito</strong></span> <span class='ocrx_word' id='word_1_121' title='bbox 1621 1798 1809 1863; x_wconf 91' lang='lat' dir='ltr'><strong>aliquid</strong></span> 
     </span>
     <span class='ocr_line' id='line_1_22' title="bbox 142 1879 1809 1944; baseline -0.001 -13"><span class='ocrx_word' id='word_1_122' title='bbox 142 1883 325 1944; x_wconf 90' lang='lat' dir='ltr'><strong>dicam,</strong></span> <span class='ocrx_word' id='word_1_123' title='bbox 364 1899 425 1931; x_wconf 93' lang='lat' dir='ltr'><strong>eo</strong></span> <span class='ocrx_word' id='word_1_124' title='bbox 473 1881 659 1931; x_wconf 91' lang='lat' dir='ltr'><strong>scilicet</strong></span> <span class='ocrx_word' id='word_1_125' title='bbox 700 1898 850 1944; x_wconf 90' lang='lat' dir='ltr'><strong>quem</strong></span> <span class='ocrx_word' id='word_1_126' title='bbox 892 1881 1052 1930; x_wconf 91' lang='lat' dir='ltr'><strong>littera</strong></span> <span class='ocrx_word' id='word_1_127' title='bbox 1091 1883 1140 1929; x_wconf 86' lang='lat' dir='ltr'><em>A</em></span> <span class='ocrx_word' id='word_1_128' title='bbox 1189 1879 1431 1944; x_wconf 87' lang='lat' dir='ltr'><strong>insignivi.</strong></span> <span class='ocrx_word' id='word_1_129' title='bbox 1506 1882 1596 1929; x_wconf 91' lang='lat' dir='ltr'><strong>Est</strong></span> <span class='ocrx_word' id='word_1_130' title='bbox 1641 1889 1809 1930; x_wconf 89' lang='lat' dir='ltr'><strong>autem</strong></span> 
     </span>
     <span class='ocr_line' id='line_1_23' title="bbox 143 1961 1810 2026; baseline -0.001 -14"><span class='ocrx_word' id='word_1_131' title='bbox 143 1965 302 2012; x_wconf 86' lang='lat' dir='ltr'><strong>codex</strong></span> <span class='ocrx_word' id='word_1_132' title='bbox 339 1980 488 2022; x_wconf 93' lang='lat' dir='ltr'><strong>nunc,</strong></span> <span class='ocrx_word' id='word_1_133' title='bbox 533 1964 671 2026; x_wconf 90' lang='lat' dir='ltr'><strong>quod</strong></span> <span class='ocrx_word' id='word_1_134' title='bbox 718 1961 885 2022; x_wconf 89' lang='lat' dir='ltr'><strong>sciam,</strong></span> <span class='ocrx_word' id='word_1_135' title='bbox 931 1961 1233 2025; x_wconf 90' lang='lat' dir='ltr'><strong>deperditus,</strong></span> <span class='ocrx_word' id='word_1_136' title='bbox 1277 1961 1416 2010; x_wconf 90' lang='lat' dir='ltr'><strong>cuius</strong></span> <span class='ocrx_word' id='word_1_137' title='bbox 1458 1970 1626 2011; x_wconf 88' lang='lat' dir='ltr'><strong>tamen</strong></span> <span class='ocrx_word' id='word_1_138' title='bbox 1661 1964 1810 2026; x_wconf 88' lang='lat' dir='ltr'><strong>plena</strong></span> 
     </span>
     <span class='ocr_line' id='line_1_24' title="bbox 142 2042 1812 2107; baseline -0.001 -14"><span class='ocrx_word' id='word_1_139' title='bbox 142 2044 340 2093; x_wconf 90' lang='lat' dir='ltr'><strong>collatio</strong></span> <span class='ocrx_word' id='word_1_140' title='bbox 378 2052 534 2093; x_wconf 90' lang='lat' dir='ltr'><strong>exstat</strong></span> <span class='ocrx_word' id='word_1_141' title='bbox 575 2043 647 2092; x_wconf 64' lang='lat' dir='ltr'><strong>in⁴</strong></span> <span class='ocrx_word' id='word_1_142' title='bbox 668 2043 934 2107; x_wconf 86' lang='lat' dir='ltr'><strong>exemplari</strong></span> <span class='ocrx_word' id='word_1_143' title='bbox 975 2044 1195 2106; x_wconf 90' lang='lat' dir='ltr'><strong>quodam</strong></span> <span class='ocrx_word' id='word_1_144' title='bbox 1234 2042 1466 2092; x_wconf 89' lang='lat' dir='ltr'><strong>editionis</strong></span> <span class='ocrx_word' id='word_1_145' title='bbox 1503 2043 1812 2093; x_wconf 90' lang='lat' dir='ltr'><strong>Lindenbro-</strong></span> 
     </span>
     <span class='ocr_line' id='line_1_25' title="bbox 140 2123 1809 2189; baseline 0.001 -16"><span class='ocrx_word' id='word_1_146' title='bbox 140 2126 315 2189; x_wconf 88' lang='lat' dir='ltr'><strong>gianae</strong></span> <span class='ocrx_word' id='word_1_147' title='bbox 340 2126 478 2188; x_wconf 94' lang='lat' dir='ltr'><strong>quod</strong></span> <span class='ocrx_word' id='word_1_148' title='bbox 510 2124 726 2188; x_wconf 89' lang='lat' dir='ltr'><strong>primum</strong></span> <span class='ocrx_word' id='word_1_149' title='bbox 759 2123 984 2174; x_wconf 90' lang='lat' dir='ltr'><strong>Scriverii</strong></span> <span class='ocrx_word' id='word_1_150' title='bbox 1017 2133 1136 2185; x_wconf 88' lang='lat' dir='ltr'><strong>erat,</strong></span> <span class='ocrx_word' id='word_1_151' title='bbox 1161 2123 1344 2173; x_wconf 92' lang='lat' dir='ltr'><strong>deinde</strong></span> <span class='ocrx_word' id='word_1_152' title='bbox 1379 2123 1618 2184; x_wconf 89' lang='lat' dir='ltr'><strong>Dorvillii,</strong></span> <span class='ocrx_word' id='word_1_153' title='bbox 1656 2125 1809 2174; x_wconf 88' lang='lat' dir='ltr'><strong>hodie</strong></span> 
     </span>
     <span class='ocr_line' id='line_1_26' title="bbox 141 2205 1811 2256; baseline 0.001 -2"><span class='ocrx_word' id='word_1_154' title='bbox 141 2208 193 2255; x_wconf 91' lang='lat' dir='ltr'><strong>in</strong></span> <span class='ocrx_word' id='word_1_155' title='bbox 241 2206 553 2256; x_wconf 84' lang='lat' dir='ltr'><strong>Bibliotheca</strong></span> <span class='ocrx_word' id='word_1_156' title='bbox 599 2205 876 2256; x_wconf 91' lang='lat' dir='ltr'><strong>Bodleiana</strong></span> <span class='ocrx_word' id='word_1_157' title='bbox 912 2215 1198 2255; x_wconf 88' lang='lat' dir='ltr'><strong>asservatur.</strong></span> <span class='ocrx_word' id='word_1_158' title='bbox 1286 2207 1366 2254; x_wconf 94' lang='lat' dir='ltr'><strong>De</strong></span> <span class='ocrx_word' id='word_1_159' title='bbox 1406 2206 1500 2254; x_wconf 90' lang='lat' dir='ltr'><strong>hac</strong></span> <span class='ocrx_word' id='word_1_160' title='bbox 1545 2205 1811 2256; x_wconf 88' lang='lat' dir='ltr'><strong>collatione</strong></span> 
     </span>
     <span class='ocr_line' id='line_1_27' title="bbox 142 2286 1811 2337; baseline 0 -2"><span class='ocrx_word' id='word_1_161' title='bbox 142 2291 240 2336; x_wconf 86' lang='lat' dir='ltr'><strong>hoc</strong></span> <span class='ocrx_word' id='word_1_162' title='bbox 287 2296 459 2337; x_wconf 91' lang='lat' dir='ltr'><strong>monet</strong></span> <span class='ocrx_word' id='word_1_163' title='bbox 508 2286 807 2336; x_wconf 89' lang='lat' dir='ltr'><strong>Dorvillius:</strong></span> <span class='ocrx_word' id='word_1_164' title='bbox 863 2288 1143 2336; x_wconf 90' lang='lat' dir='ltr'><strong>‘Arnoldus</strong></span> <span class='ocrx_word' id='word_1_165' title='bbox 1193 2287 1554 2335; x_wconf 91' lang='lat' dir='ltr'><strong>Drakenborch</strong></span> <span class='ocrx_word' id='word_1_166' title='bbox 1600 2286 1811 2336; x_wconf 91' lang='lat' dir='ltr'><strong>contulit</strong></span> 
     </span>
     <span class='ocr_line' id='line_1_28' title="bbox 142 2367 1806 2431; baseline -0.001 -14"><span class='ocrx_word' id='word_1_167' title='bbox 142 2368 405 2418; x_wconf 90' lang='lat' dir='ltr'><strong>Thebaida</strong></span> <span class='ocrx_word' id='word_1_168' title='bbox 451 2386 567 2417; x_wconf 90' lang='lat' dir='ltr'><strong>cum</strong></span> <span class='ocrx_word' id='word_1_169' title='bbox 614 2368 789 2418; x_wconf 91' lang='lat' dir='ltr'><strong>codice</strong></span> <span class='ocrx_word' id='word_1_170' title='bbox 842 2370 897 2417; x_wconf 90' lang='lat' dir='ltr'><strong>P.</strong></span> <span class='ocrx_word' id='word_1_171' title='bbox 945 2367 1228 2431; x_wconf 89' lang='lat' dir='ltr'><strong>Vlamingii,</strong></span> <span class='ocrx_word' id='word_1_172' title='bbox 1279 2370 1552 2428; x_wconf 91' lang='lat' dir='ltr'><strong>chartaceo,</strong></span> <span class='ocrx_word' id='word_1_173' title='bbox 1605 2367 1806 2428; x_wconf 92' lang='lat' dir='ltr'><strong>recenti,</strong></span> 
     </span>
     <span class='ocr_line' id='line_1_29' title="bbox 142 2445 1810 2511; baseline 0 -16"><span class='ocrx_word' id='word_1_174' title='bbox 142 2448 193 2495; x_wconf 89' lang='lat' dir='ltr'><strong>in</strong></span> <span class='ocrx_word' id='word_1_175' title='bbox 242 2464 344 2511; x_wconf 95' lang='lat' dir='ltr'><strong>quo</strong></span> <span class='ocrx_word' id='word_1_176' title='bbox 393 2456 561 2496; x_wconf 90' lang='lat' dir='ltr'><strong>tamen</strong></span> <span class='ocrx_word' id='word_1_177' title='bbox 608 2448 792 2510; x_wconf 90' lang='lat' dir='ltr'><strong>passim</strong></span> <span class='ocrx_word' id='word_1_178' title='bbox 839 2446 1138 2510; x_wconf 90' lang='lat' dir='ltr'><strong>optimarum</strong></span> <span class='ocrx_word' id='word_1_179' title='bbox 1185 2445 1455 2495; x_wconf 89' lang='lat' dir='ltr'><strong>lectionum</strong></span> <span class='ocrx_word' id='word_1_180' title='bbox 1494 2445 1710 2510; x_wconf 90' lang='lat' dir='ltr'><strong>vestigia,</strong></span> <span class='ocrx_word' id='word_1_181' title='bbox 1754 2455 1810 2495; x_wconf 93' lang='lat' dir='ltr'><strong>ut</strong></span> 
     </span>
     <span class='ocr_line' id='line_1_30' title="bbox 143 2526 1810 2591; baseline -0.001 -13"><span class='ocrx_word' id='word_1_182' title='bbox 143 2547 202 2577; x_wconf 84' lang='lat' dir='ltr'><strong>ex</strong></span> <span class='ocrx_word' id='word_1_183' title='bbox 248 2528 395 2578; x_wconf 91' lang='lat' dir='ltr'><strong>bonis</strong></span> <span class='ocrx_word' id='word_1_184' title='bbox 455 2527 756 2577; x_wconf 88' lang='lat' dir='ltr'><strong>membranis</strong></span> <span class='ocrx_word' id='word_1_185' title='bbox 815 2527 1119 2591; x_wconf 91' lang='lat' dir='ltr'><strong>descriptum</strong></span> <span class='ocrx_word' id='word_1_186' title='bbox 1177 2535 1441 2590; x_wconf 87' lang='lat' dir='ltr'><strong>appareat:</strong></span> <span class='ocrx_word' id='word_1_187' title='bbox 1490 2543 1573 2576; x_wconf 88' lang='lat' dir='ltr'><strong>eas</strong></span> <span class='ocrx_word' id='word_1_188' title='bbox 1620 2526 1810 2576; x_wconf 90' lang='lat' dir='ltr'><strong>notavit</strong></span> 
     </span>
     <span class='ocr_line' id='line_1_31' title="bbox 142 2608 1810 2673; baseline 0 -15"><span class='ocrx_word' id='word_1_189' title='bbox 142 2611 281 2659; x_wconf 84' lang='lat' dir='ltr'><strong>litera</strong></span> <span class='ocrx_word' id='word_1_190' title='bbox 303 2612 352 2658; x_wconf 90' lang='lat' dir='ltr'><em>A</em></span> <span class='ocrx_word' id='word_1_191' title='bbox 374 2628 383 2658; x_wconf 92' lang='lat'>:</span> <span class='ocrx_word' id='word_1_192' title='bbox 419 2626 450 2658; x_wconf 90' lang='lat' dir='ltr'><strong>a</strong></span> <span class='ocrx_word' id='word_1_193' title='bbox 481 2626 583 2673; x_wconf 94' lang='lat' dir='ltr'><strong>quo</strong></span> <span class='ocrx_word' id='word_1_194' title='bbox 615 2626 708 2673; x_wconf 91' lang='lat' dir='ltr'><strong>ego</strong></span> <span class='ocrx_word' id='word_1_195' title='bbox 732 2608 935 2672; x_wconf 67' lang='lat' dir='ltr'><strong>accepi!</strong></span> <span class='ocrx_word' id='word_1_196' title='bbox 1004 2610 1214 2658; x_wconf 90' lang='lat' dir='ltr'><strong>Saeculo</strong></span> <span class='ocrx_word' id='word_1_197' title='bbox 1237 2619 1323 2657; x_wconf 89' lang='lat' dir='ltr'><strong>xv0</strong></span> <span class='ocrx_word' id='word_1_198' title='bbox 1358 2609 1672 2658; x_wconf 89' lang='lat' dir='ltr'><strong>referendum</strong></span> <span class='ocrx_word' id='word_1_199' title='bbox 1701 2625 1810 2658; x_wconf 88' lang='lat' dir='ltr'><strong>esse</strong></span> 
     </span>
     <span class='ocr_line' id='line_1_32' title="bbox 141 2689 1810 2754; baseline -0.001 -14"><span class='ocrx_word' id='word_1_200' title='bbox 141 2692 322 2740; x_wconf 88' lang='lat' dir='ltr'><strong>librum</strong></span> <span class='ocrx_word' id='word_1_201' title='bbox 380 2690 485 2740; x_wconf 92' lang='lat' dir='ltr'><strong>iure</strong></span> <span class='ocrx_word' id='word_1_202' title='bbox 542 2707 739 2740; x_wconf 89' lang='lat' dir='ltr'><strong>sumas..</strong></span> <span class='ocrx_word' id='word_1_203' title='bbox 828 2692 936 2754; x_wconf 92' lang='lat' dir='ltr'><strong>Ego</strong></span> <span class='ocrx_word' id='word_1_204' title='bbox 994 2706 1282 2754; x_wconf 91' lang='lat' dir='ltr'><strong>quanquam</strong></span> <span class='ocrx_word' id='word_1_205' title='bbox 1341 2689 1598 2738; x_wconf 89' lang='lat' dir='ltr'><strong>minimam</strong></span> <span class='ocrx_word' id='word_1_206' title='bbox 1649 2690 1810 2739; x_wconf 78' lang='lat' dir='ltr'><strong>-fidem</strong></span> 
     </span>
     <span class='ocr_line' id='line_1_33' title="bbox 143 2770 1809 2836; baseline -0.001 -15"><span class='ocrx_word' id='word_1_207' title='bbox 143 2772 401 2822; x_wconf 87' lang='lat' dir='ltr'><strong>codicibus</strong></span> <span class='ocrx_word' id='word_1_208' title='bbox 439 2781 553 2836; x_wconf 90' lang='lat' dir='ltr'><strong>post</strong></span> <span class='ocrx_word' id='word_1_209' title='bbox 588 2788 713 2821; x_wconf 91' lang='lat' dir='ltr'><strong>saec.</strong></span> <span class='ocrx_word' id='word_1_210' title='bbox 752 2771 800 2820; x_wconf 86' lang='lat' dir='ltr'><strong>xi</strong></span> <span class='ocrx_word' id='word_1_211' title='bbox 837 2770 1028 2835; x_wconf 90' lang='lat' dir='ltr'><strong>scriptis</strong></span> <span class='ocrx_word' id='word_1_212' title='bbox 1061 2771 1377 2820; x_wconf 86' lang='lat' dir='ltr'><strong>tribuendam</strong></span> <span class='ocrx_word' id='word_1_213' title='bbox 1413 2770 1602 2834; x_wconf 91' lang='lat' dir='ltr'><strong>opinor,</strong></span> <span class='ocrx_word' id='word_1_214' title='bbox 1641 2779 1809 2820; x_wconf 90' lang='lat' dir='ltr'><strong>tamen</strong></span> 
     </span>
     <span class='ocr_line' id='line_1_34' title="bbox 142 2851 1807 2916; baseline -0.001 -14"><span class='ocrx_word' id='word_1_215' title='bbox 142 2856 277 2903; x_wconf 89' lang='lat' dir='ltr'><strong>hunc</strong></span> <span class='ocrx_word' id='word_1_216' title='bbox 302 2853 528 2903; x_wconf 89' lang='lat' dir='ltr'><strong>codicem</strong></span> <span class='ocrx_word' id='word_1_217' title='bbox 563 2862 612 2902; x_wconf 91' lang='lat' dir='ltr'><strong>et</strong></span> <span class='ocrx_word' id='word_1_218' title='bbox 640 2854 778 2916; x_wconf 93' lang='lat' dir='ltr'><strong>quod</strong></span> <span class='ocrx_word' id='word_1_219' title='bbox 816 2851 1227 2901; x_wconf 89' lang='lat' dir='ltr'><strong>Drakenborchio</strong></span> <span class='ocrx_word' id='word_1_220' title='bbox 1264 2861 1366 2900; x_wconf 91' lang='lat' dir='ltr'><strong>tam</strong></span> <span class='ocrx_word' id='word_1_221' title='bbox 1397 2853 1543 2900; x_wconf 90' lang='lat' dir='ltr'><strong>valde</strong></span> <span class='ocrx_word' id='word_1_222' title='bbox 1570 2851 1807 2915; x_wconf 90' lang='lat' dir='ltr'><strong>probatus</strong></span> 
     </span>
     <span class='ocr_line' id='line_1_35' title="bbox 143 2932 1807 2998; baseline -0.001 -15"><span class='ocrx_word' id='word_1_223' title='bbox 143 2944 217 2984; x_wconf 90' lang='lat' dir='ltr'><strong>est</strong></span> <span class='ocrx_word' id='word_1_224' title='bbox 249 2944 299 2983; x_wconf 90' lang='lat' dir='ltr'><strong>et</strong></span> <span class='ocrx_word' id='word_1_225' title='bbox 328 2936 466 2998; x_wconf 94' lang='lat' dir='ltr'><strong>quod</strong></span> <span class='ocrx_word' id='word_1_226' title='bbox 498 2936 678 2983; x_wconf 91' lang='lat' dir='ltr'><strong>multas</strong></span> <span class='ocrx_word' id='word_1_227' title='bbox 715 2934 873 2983; x_wconf 89' lang='lat' dir='ltr'><strong>bonas</strong></span> <span class='ocrx_word' id='word_1_228' title='bbox 902 2933 1141 2983; x_wconf 88' lang='lat' dir='ltr'><strong>lectiones</strong></span> <span class='ocrx_word' id='word_1_229' title='bbox 1166 2949 1413 2996; x_wconf 87' lang='lat' dir='ltr'><strong>nusquam</strong></span> <span class='ocrx_word' id='word_1_230' title='bbox 1437 2932 1557 2981; x_wconf 89' lang='lat' dir='ltr'><strong>alias</strong></span> <span class='ocrx_word' id='word_1_231' title='bbox 1592 2940 1807 2996; x_wconf 88' lang='lat' dir='ltr'><strong>repertas</strong></span> 
     </span>
     <span class='ocr_line' id='line_1_36' title="bbox 142 3013 1806 3080; baseline -0.002 -14"><span class='ocrx_word' id='word_1_232' title='bbox 142 3016 355 3076; x_wconf 77' lang='lat' dir='ltr'><strong>exhibet,</strong></span> <span class='ocrx_word' id='word_1_233' title='bbox 407 3016 613 3065; x_wconf 88' lang='lat' dir='ltr'><strong>omnino</strong></span> <span class='ocrx_word' id='word_1_234' title='bbox 661 3017 918 3080; x_wconf 89' lang='lat' dir='ltr'><strong>neglegere</strong></span> <span class='ocrx_word' id='word_1_235' title='bbox 970 3014 1123 3064; x_wconf 87' lang='lat' dir='ltr'><strong>nolui.</strong></span> <span class='ocrx_word' id='word_1_236' title='bbox 1220 3016 1429 3063; x_wconf 90' lang='lat' dir='ltr'><strong>Plenam</strong></span> <span class='ocrx_word' id='word_1_237' title='bbox 1487 3013 1806 3064; x_wconf 90' lang='lat' dir='ltr'><strong>collationem</strong></span> 
     </span>
    </p>

    <p class='ocr_par' dir='ltr' id='par_1_8' title="bbox 942 3115 972 3145">
     <span class='ocr_line' id='line_1_37' title="bbox 942 3115 972 3145; baseline 0 0"><span class='ocrx_word' id='word_1_238' title='bbox 942 3115 972 3145; x_wconf 89' lang='lat' dir='ltr'>x</span> 
     </span>
    </p>
   </div>
  </div>
 </body>
</html>
