1884 3204
947 31 1434 99 ACHILLEIDOS
1471 34 1686 81 LIBER
1723 34 1747 81 I

17 194 20 203 ·
98 165 254 229 qualis
289 165 452 216 vicino
486 165 696 226 volucris
731 166 829 215 iam
866 168 1038 216 sedula
1073 179 1229 231 partu,

97 246 293 310 iamque
328 246 521 306 timens,
559 263 658 310 qua
692 248 867 296 fronde
903 249 1110 297 domum
1147 252 1416 314 suspendat
1452 250 1666 311 inanem,

94 326 319 389 providet
352 326 433 376 hic
466 336 652 390 ventos,
691 327 772 376 hic
805 327 949 377 anxia
982 329 1164 392 cogitat
1197 331 1384 395 anguis,

99 406 178 456 hic
214 407 470 457 homines:
517 409 718 457 tandem
755 408 938 458 dubiae
972 411 1134 472 placet
1170 412 1357 472 umbra,
1396 412 1638 476 novisque
1675 434 1751 474 215

98 486 176 535 vix
211 488 343 536 stetit
378 487 429 536 in
465 487 610 537 ramis
646 498 695 537 et
730 489 953 552 protinus
989 491 1133 539 arbor
1167 502 1371 540 amatur.

155 571 337 618 Altera
373 568 579 618 consilio
614 579 836 632 superest
872 570 1159 634 tristemque
1193 572 1363 635 fatigat

99 667 214 700 cura
248 651 408 709 deam,
446 658 618 697 natum
653 649 759 713 ipsa
794 650 903 699 sinu
939 654 1197 715 complexa
1232 670 1319 716 per
1354 656 1511 703 undas

40 747 42 749 ·
98 749 161 780 an
197 747 376 794 magno
411 729 616 779 Tritone
651 732 786 791 ferat,
823 741 1063 782 ventosne
1097 734 1308 782 volucris

98 810 306 861 advocet
340 827 404 859 an
439 812 614 873 pelago
650 811 844 861 solitam
881 814 1251 864 Thaumantida
1286 815 1435 879 pasci.
1675 837 1755 866 220

99 891 230 942 elicit
264 891 381 940 inde
416 891 550 940 fretis
585 901 634 940 et
670 892 855 942 murice
890 895 1049 942 frenat
1083 905 1230 944 acuto

98 973 357 1037 delphinas
392 972 598 1036 biiugos,
637 990 762 1036 quos
798 974 867 1022 illi
903 975 1116 1024 maxima
1150 978 1336 1040 Tethys

98 1054 284 1118 gurgite
319 1056 553 1103 Atlanteo
587 1054 747 1118 pelagi
782 1056 874 1104 sub
909 1058 1034 1104 valle
1070 1073 1249 1106 sonora

100 1135 334 1184 nutrierat
371 1135 536 1199 (nullis
571 1137 698 1184 vada
733 1153 819 1199 per
855 1136 1107 1200 Neptunia
1141 1140 1344 1200 glaucae

100 1226 264 1265 tantus
300 1218 460 1266 honos
495 1217 682 1265 formae
717 1216 969 1280 nandique
1005 1218 1226 1280 potentia
1261 1236 1354 1268 nec
1390 1221 1499 1282 plus
1680 1240 1758 1281 225

100 1297 311 1361 pectoris
346 1296 604 1361 humani):
646 1296 783 1346 iubet
819 1299 909 1346 hos
947 1297 1211 1347 subsistere
1245 1301 1395 1362 pleno

100 1378 254 1438 litore,
293 1395 356 1427 ne
391 1379 556 1426 nudae
591 1387 804 1426 noceant
840 1378 1066 1442 contagia
1102 1389 1268 1428 terrae.

101 1459 208 1524 ipsa
242 1458 424 1509 dehinc
459 1468 565 1508 toto
599 1460 869 1507 resolutum
906 1476 1111 1522 corpore
1146 1460 1406 1520 Achillem,

103 1540 188 1604 qui
222 1540 384 1604 pueris
420 1556 581 1603 sopor,
621 1539 894 1594 Haemonii
929 1542 993 1589 de
1028 1540 1233 1604 rupibus
1269 1541 1396 1590 antri

101 1623 166 1671 ad
200 1621 420 1685 placidas
454 1622 682 1684 deportat
715 1637 869 1684 aquas
905 1630 954 1670 et
988 1620 1120 1670 iussa
1154 1631 1315 1671 tacere
1683 1641 1762 1681 230

102 1702 275 1751 litora:
323 1711 563 1751 monstrat
601 1701 692 1750 iter
726 1711 932 1765 totoque
968 1704 1224 1766 effulgurat
1260 1704 1380 1752 orbe

104 1782 330 1846 Cynthia.
403 1781 714 1846 prosequitur
749 1782 914 1831 divam
950 1783 1220 1847 celerisque
1255 1801 1477 1833 recursus

104 1882 302 1914 securus
337 1864 498 1928 pelagi
533 1864 721 1914 Chiron
757 1874 884 1913 rotat
917 1866 1116 1928 udaque
1153 1868 1279 1914 celat

103 1946 291 1994 lumina
326 1955 375 1995 et
408 1946 638 2008 abreptos
674 1945 839 1994 subito
873 1945 972 1994 iarn
1007 1946 1205 2010 iamque
1228 1947 1424 1995 latentis

104 2038 267 2078 erecto
303 2036 584 2091 prospectat
618 2044 762 2090 equo,
802 2044 900 2090 qua
934 2045 1059 2076 cana
1092 2045 1355 2092 parumper
1683 2049 1760 2088 235

106 2119 336 2173 spumant
372 2108 510 2172 signa
544 2110 687 2172 fugae
723 2118 772 2157 et
807 2108 998 2172 liquido
1033 2109 1159 2172 perit
1193 2109 1353 2159 orbita
1387 2120 1556 2174 ponto.

105 2192 243 2240 illum
278 2207 381 2239 non
416 2189 535 2238 alias
571 2189 841 2239 rediturum
876 2191 942 2239 ad
970 2192 1209 2239 Thessala
1243 2193 1438 2254 Tempe

106 2271 204 2319 iam
239 2270 387 2319 tristis
423 2272 631 2331 Pholoe,
666 2269 765 2318 iam
801 2270 1000 2319 nubilus
1037 2269 1241 2333 ingemit
1276 2272 1459 2334 Othrys

107 2363 154 2402 et
188 2354 382 2402 tenuior
417 2354 691 2415 Spercheos
726 2351 868 2415 aquis
905 2355 1240 2416 speluncaque
1276 2353 1412 2402 docti

161 2494 242 2532 213
270 2483 494 2531 suspendit
521 2481 564 2519 P
730 2493 810 2530 214
841 2482 954 2520 hunc
986 2511 997 2522 .
1020 2512 1029 2521 .
1054 2512 1062 2521 .
1095 2482 1194 2520 hinc
1220 2480 1286 2521 E:
1326 2482 1427 2522 hinc
1464 2514 1473 2523 .
1495 2513 1504 2522 .
1527 2512 1538 2523 .
1558 2483 1676 2522 -hinc
1703 2482 1766 2521 K²

103 2548 187 2585 215
214 2537 327 2575 hunc
355 2536 425 2575 E:
455 2536 554 2574 hinc
575 2549 624 2574 ex
641 2549 739 2575 corr.
775 2536 860 2585 QK
945 2552 948 2554 >
1003 2538 1084 2575 216
1105 2541 1202 2587 post
1233 2537 1344 2575 hunc
1372 2551 1471 2578 vers,
1506 2538 1695 2587 sequitur
1720 2539 1763 2576 in

107 2590 191 2630 cod.
223 2590 407 2641 quodam
442 2589 768 2640 Oldenbusgensi
803 2590 1119 2640 Componitque
1152 2591 1274 2629 nidos
1306 2591 1460 2640 quibus
1492 2592 1610 2631 ansia
1642 2598 1765 2631 natos

108 2644 262 2684 effovet
280 2645 341 2695 (=
354 2645 666 2693 componitque,
683 2645 837 2694 quibus
851 2651 974 2683 natos
987 2645 1098 2684 fovet
1111 2645 1254 2693 anxia,
1267 2645 1390 2684 nidos
1404 2648 1436 2696 3)
1549 2659 1629 2696 219
1645 2660 1716 2685 -ve
1727 2645 1769 2684 E

108 2712 186 2738 22ῑ
218 2699 355 2737 frenat
375 2698 532 2737 murice
559 2698 601 2736 E
760 2711 839 2736 222
868 2699 1032 2747 biiugos
1051 2705 1116 2738 11:
1145 2699 1311 2748 biiuges
1340 2715 1371 2737 ω
1495 2701 1624 2739 thetis
1654 2700 1762 2739 codd.

110 2753 190 2791 228
218 2765 398 2803 corpore
437 2752 657 2802 Wakefield
670 2766 680 2791 z
719 2758 894 2802 pectore
922 2753 1034 2792 codd.
1218 2767 1298 2803 229
1327 2768 1410 2793 om.
1438 2754 1534 2794 add.
1565 2768 1700 2806 marg.
1729 2754 1772 2793 E

112 2807 233 2857 pueri
245 2807 332 2846 ΕΚ
437 2820 519 2856 230
537 2806 647 2845 AtP
753 2820 829 2856 231
852 2807 1076 2857 effulgurat
1091 2812 1128 2846 Π
1149 2821 1158 2846 :
1177 2808 1399 2858 effulgerat
1415 2824 1446 2846 ω
1555 2821 1635 2859 233
1658 2815 1768 2848 rotat

111 2861 176 2900 P:
205 2868 323 2910 rogat
341 2860 439 2901 Em:
469 2866 587 2900 notat
607 2860 807 2900 Schenkl:
823 2861 928 2910 fort.
947 2862 1055 2911 regit
1210 2876 1288 2912 234
1317 2865 1480 2913 ‘reptos
1509 2862 1551 2902 E
1688 2876 1767 2913 235

111 2921 151 2955 et
173 2921 290 2955 recto
309 2916 351 2955 E
469 2929 550 2966 239
580 2915 748 2955 tenuior
765 2915 959 2967 Postgate
977 2931 986 2956 :
1015 2916 1158 2956 tenuis
1178 2916 1248 2955 Em
1269 2931 1279 2956 t
1307 2919 1451 2957 senior
1470 2917 1512 2956 P
