1884 3204
0 468 2 476 ι

0 527 16 535 r.

943 81 1354 131 THEBAIDOS
1395 83 1611 130 LIBER
1646 84 1692 129 V

43 221 284 270 consulite
300 239 314 281 3
359 237 422 270 en
458 219 630 269 validis
666 228 898 283 spumant
933 235 1100 268 eversa
1134 217 1325 267 lacertis

41 317 268 363 aequora,
309 299 591 349 Bistonides
628 299 832 348 veniunt
868 301 1073 348 fortasse
1110 298 1358 348 maritae.’'

110 380 246 429 Hinc
282 379 465 429 stimuli
500 379 735 444 ingentes,
775 396 1081 444 magnusque
1116 378 1392 428 advolvitur
1426 377 1566 427 astris

41 462 238 510 clamor.
310 461 583 510 Amazonio
619 460 868 524 Scythiam
904 462 1087 509 fervere
1124 461 1337 508 tumultu

0 542 4 564 ²
40 540 364 604 lunatumque
400 550 542 604 putes
577 557 755 604 agmen
790 541 1107 599 descendere,
1145 540 1230 588 ubi
1266 555 1401 609 arma
1621 557 1692 597 ¹45

38 618 261 683 indulget
295 630 432 684 pater
466 630 515 670 et
553 620 684 669 saevi
719 630 885 669 movet
920 620 1044 669 ostia
1080 620 1208 669 belli.

40 717 134 757 nec
169 700 328 750 varius
363 703 542 750 fremor
577 710 661 750 aut
696 701 860 750 studia
894 700 945 748 in
983 700 1224 749 contraria
1258 699 1383 762 rapti

21 780 306 841 dissensus,
345 791 398 830 ut
434 783 580 845 plebe
615 783 772 831 solet:
814 783 947 830 furor
982 781 1213 830 omnibus
1250 781 1397 840 idem,

41 860 174 910 idem
209 861 402 910 animus
438 864 594 912 solare
629 864 806 912 domos
842 862 1176 926 iuvenumque
1212 877 1487 924 senumque

40 941 358 1006 praecipitare
393 945 528 992 colos
564 942 822 1007 plenisque
856 944 1125 1007 affrangere
1161 958 1338 1006 parvos
1622 960 1699 1000 150

42 1022 276 1071 uberibus
312 1025 538 1086 ferroque
574 1023 736 1072 omnis
773 1023 902 1073 exire
937 1041 1024 1087 per
1058 1039 1230 1072 annos.

42 1111 162 1152 tunc
196 1103 337 1152 viridi
372 1106 485 1153 luco
522 1103 682 1170 (lucus
718 1105 831 1168 iuga
866 1107 996 1154 celsa
1032 1104 1288 1154 Minervae

41 1193 239 1247 propter
273 1194 449 1247 opacat
485 1186 693 1233 humum
729 1185 866 1248 niger
899 1185 1019 1248 ipse,
1058 1186 1146 1234 sed
1181 1185 1382 1247 insuper
1417 1183 1591 1247 ingens

44 1280 187 1312 mons
222 1264 399 1327 premit
434 1274 482 1314 et
516 1265 712 1328 gemina
746 1275 954 1328 pereunt
989 1265 1196 1328 caligine
1231 1262 1394 1330 soles),

43 1343 124 1393 hic
160 1361 361 1394 sanxere
396 1347 560 1405 fidem,
600 1355 653 1394 tu
690 1346 870 1394 Martia
905 1346 1041 1395 testis
1079 1349 1222 1408 Enyo
1628 1361 1701 1405 155

41 1434 191 1488 atque
226 1425 414 1474 inferna
450 1427 613 1486 Ceres,
653 1426 946 1489 Stygiaeque
981 1427 1267 1475 Acheronte
1301 1426 1493 1474 recluso

43 1515 158 1554 ante
193 1522 361 1569 preces
397 1523 574 1555 venere
610 1507 768 1567 deae;
810 1508 898 1555 sed
933 1506 1055 1555 fallit
1091 1506 1277 1569 ubique

45 1585 195 1634 mixta
228 1588 413 1647 Venus,
451 1589 622 1635 Venus
657 1604 793 1636 arma
828 1596 975 1646 tenet,
1015 1589 1187 1636 Venus
1223 1587 1456 1635 admovet
1491 1585 1597 1634 iras.

44 1683 137 1716 nec
172 1669 236 1716 de
271 1684 407 1716 more
442 1684 615 1717 cruor:
657 1677 829 1716 natum
866 1667 1145 1732 Charopeia
1180 1667 1397 1716 coniunx

50 1747 241 1807 obtulit,
280 1747 545 1811 accingunt
581 1765 688 1797 sese
724 1753 773 1797 et
808 1748 1035 1798 mirantia
1071 1751 1197 1798 ferro
1625 1754 1705 1796 160

9 1891 12 1894 Ι
45 1837 246 1891 pectora
280 1828 624 1892 congestisque
658 1828 832 1878 avidae
868 1829 1014 1878 simul
1049 1829 1272 1892 undique
1308 1828 1488 1877 dextris

45 1909 365 1972 perfringunt,
398 1927 458 1958 ac
493 1912 639 1959 dulce
676 1912 814 1959 nefas
850 1910 900 1959 in
938 1910 1175 1975 sanguine
1210 1910 1322 1958 vivo

45 1990 319 2050 coniurant,
354 2000 660 2054 matremque
696 2008 867 2040 recens
903 1992 1226 2040 circumvolat
1262 1991 1449 2039 umbra.

44 2070 160 2119 talia
194 2071 414 2120 cernenti
449 2071 571 2119 mihi
606 2082 819 2135 quantus
854 2072 906 2120 in
942 2072 1135 2121 ossibus
1171 2073 1355 2131 horror,

50 2151 221 2214 quisve
256 2169 342 2214 per
377 2169 462 2201 ora
496 2154 661 2201 color!
704 2152 861 2215 qualis
897 2170 1011 2201 cum
1047 2169 1190 2201 cerva
1225 2151 1437 2200 cruentis
1629 2158 1705 2209 165

44 2231 379 2281 circumventa
414 2232 560 2296 lupis,
596 2235 788 2281 nullum
825 2233 905 2282 cui
941 2243 1140 2297 pectore
1176 2232 1314 2281 molli

44 2313 193 2361 robur
230 2323 278 2362 et
313 2313 364 2361 in
400 2313 587 2363 volucri
622 2313 783 2363 tenuis
820 2314 1002 2363 fiducia
1037 2330 1195 2374 cursu,

105 2454 178 2491 141
209 2441 380 2481 invalidi
408 2441 451 2480 P
577 2455 654 2492 143
682 2455 764 2491 que
784 2455 866 2482 om.
887 2442 935 2480 N
1061 2443 1138 2491 146
1166 2442 1274 2481 ostia
1292 2441 1419 2492 DNQ
1438 2456 1448 2481 t
1477 2442 1617 2481 ostilia
1635 2441 1678 2480 P
1696 2456 1705 2480 :

45 2495 182 2534 hostia
201 2496 279 2535 ΒΞ
471 2509 546 2546 147
576 2497 694 2535 furor
711 2496 753 2534 A
881 2502 1001 2546 rapta
1022 2496 1231 2535 Baehrens
1397 2497 1472 2545 148
1501 2496 1642 2535 solent
1661 2495 1706 2533 D

49 2561 127 2599 150
155 2550 342 2600 affligere
367 2550 410 2588 A
606 2563 682 2599 152
710 2550 834 2589 viridi
858 2551 954 2589 luco
973 2549 1039 2588 P:
1067 2550 1214 2588 viridis
1234 2550 1317 2588 late
1337 2549 1427 2588 ωδε
1458 2555 1540 2588 stat
1558 2550 1705 2589 viridis

17 2597 22 2600 ”
43 2603 128 2643 late
148 2604 261 2642 Koch
406 2615 481 2654 155
512 2610 556 2643 tu
578 2604 758 2656 PNJKS
775 2605 807 2654 ἒ]
828 2619 837 2643 :
866 2610 954 2643 turn
974 2603 1100 2654 BDQ
1261 2606 1338 2653 156
1368 2604 1537 2642 inferna
1555 2611 1647 2653 sup.
1674 2604 1699 2643 l.

43 2657 96 2697 al.
127 2671 184 2698 m.
211 2658 249 2707 Q
434 2660 510 2708 158
538 2659 735 2697 admonet
762 2658 854 2696 DN
1016 2661 1086 2696 161
1120 2659 1420 2708 congestisque
1451 2659 1561 2709 (que
1578 2664 1705 2708 paene

42 2713 174 2764 eras.)
194 2711 266 2751 N:
296 2725 378 2762 que
407 2713 683 2752 omittendum
713 2713 947 2763 suspicatur
972 2712 1145 2751 Mueller
1307 2714 1382 2750 162
1411 2712 1702 2762 perstringunt

46 2765 102 2815 (fr
128 2772 222 2819 sup.
241 2772 282 2805 tr
300 2766 424 2819 add.)
448 2767 491 2805 D
603 2768 679 2816 164
699 2766 851 2806 horror
870 2767 925 2806 al.
947 2780 1004 2807 m.
1027 2767 1070 2805 in
1092 2766 1131 2817 Q
1242 2767 1318 2805 166
1347 2773 1522 2816 pectora
1540 2765 1596 2859 ξ*
