1884 3204
123 124 176 170 P.
217 124 459 175 ΡΑΡΙΝΙ
478 173 482 176 ,
498 124 703 174 STATI
757 133 762 174 ζ

123 261 462 326 Hesperidum
500 272 549 312 et
583 262 746 312 dirum
784 261 978 311 Phrixei
1007 261 1200 311 velleris
1234 279 1409 313 aurum
1427 282 1440 325 3
1487 267 1489 269 ’

120 352 226 392 tum
262 343 419 393 varias
454 344 606 407 pestis
642 352 940 407 raptumque
975 342 1256 407 interplicat
1290 353 1398 395 atro

120 424 422 488 Tisiphones
459 424 693 474 de'crine
729 425 925 484 ducem,
967 433 1017 473 et
1053 433 1182 488 quae
1218 425 1434 489 pessima
1469 436 1642 477 ceston

120 505 192 554 vis
228 507 406 569 probat
423 524 436 566 3
483 507 607 557 haec
643 505 829 554 circum
866 505 1056 569 spumis
1091 506 1346 556 lunaribus
1382 508 1523 572 ungit

121 586 328 636 callidus
364 595 514 650 atque
550 585 691 635 hilari
727 586 979 650 perfundit
1015 596 1196 636 cuncta
1230 605 1440 638 veneno.
1715 600 1791 653 285

121 685 224 718 non
259 670 358 717 hoe
383 667 613 717 Pasithea
648 667 943 716 blandarum
980 667 1139 732 prima
1174 676 1412 730 sororum,

121 766 224 798 non
262 752 429 798 Decor
465 748 754 812 Idaliusque
790 765 925 812 puer,
964 750 1053 798 sed
1089 751 1278 800 Luctus
1314 760 1363 800 et
1401 753 1510 801 Irae

121 840 169 879 et
207 832 365 879 Dolor
401 839 450 879 et
487 839 592 879 tota
626 829 802 893 pressit
841 829 1106 880 Discordia
1134 832 1318 881 dextra.

121 911 279 975 prima
314 913 440 961 fides
475 911 626 975 operi,
667 913 918 962 Cadmum
955 912 1192 962 comitata
1226 912 1475 964 iacentem

123 992 403 1046 Harmonia
438 992 588 1042 versis
624 993 675 1041 in
712 992 857 1042 sibila
891 992 998 1043 dira
1033 994 1247 1058 querelis
1715 999 1794 1058 290
1881 1001 1884 1007 '

122 1074 345 1137 Illyricos
380 1076 532 1137 longo
568 1074 775 1124 sulcavit
810 1084 1013 1138 pectore
1049 1080 1269 1140 campos.

121 1158 348 1220 improba
384 1174 500 1206 mox
535 1158 732 1207 Semele
766 1157 846 1207 vix
881 1160 1017 1208 dona
1051 1159 1288 1209 nocentia
1323 1162 1455 1210 collo

120 1235 296 1295 induit,
335 1245 384 1284 et
418 1237 564 1285 fallax
599 1236 796 1286 intravit
830 1236 1002 1287 limina
1020 1234 1183 1287 'Iuno.

120 1327 270 1381 teque
305 1318 470 1379 etiam,
507 1318 688 1380 infelix,
727 1320 1005 1384 perhibent,
1043 1323 1258 1381 Iocasta,
1298 1322 1540 1371 decorum>

119 1399 402 1463 possedisse
437 1402 609 1462 nefas;
656 1403 821 1450 vultus
856 1403 951 1451 hac
986 1403 1135 1452 laude
1171 1403 1389 1464 colebas,
1653 1427 1655 1429 ·
1714 1424 1790 1466 295

120 1482 218 1530 heu
255 1480 452 1545 quibus,
490 1483 589 1531 heu
624 1483 865 1546 placitura
899 1482 1051 1533 toris!
1099 1493 1213 1548 post
1249 1484 1443 1549 longior
1478 1487 1620 1535 ordo.
1781 1496 1783 1499 “

121 1572 242 1612 tunc
277 1562 423 1612 donis
460 1564 610 1627 Argia
645 1563 770 1614 nitet
804 1564 1015 1629 vilisque
1051 1565 1235 1616 sororis

121 1653 322 1694 ornatus
358 1662 499 1694 sacro
533 1647 786 1708 praeculta
821 1646 1103 1711 supervenit
1137 1663 1273 1696 auro.

119 1727 308 1776 viderat
342 1729 445 1777 hoc-
475 1727 694 1777 coniunx
728 1728 930 1793 perituri
965 1729 1089 1779 vatis
1125 1739 1174 1779 et
1208 1747 1316 1780 aras

119 1817 235 1858 ante
271 1808 434 1858 omnis
469 1812 741 1874 epulasque
776 1819 966 1860 trucem
1002 1820 1191 1861 secreta
1225 1812 1477 1875 coquebat
1712 1832 1793 1872 300

119 1890 371 1950 invidiam,
412 1890 569 1940 saevis
605 1893 751 1940 detur
785 1891 826 1940 si
862 1894 1067 1955 quando
1102 1892 1252 1956 potiri

120 1971 351 2032 cultibus,
389 1973 487 2021 heu
524 1972 647 2021 nihil
682 1973 899 2036 auguriis
934 1973 1105 2023 adiuta
1140 1973 1452 2038 propinquis.

120 2070 246 2116 quos
282 2061 420 2116 optat
455 2053 680 2116 gemitus,
719 2063 930 2117 quantas
966 2054 1103 2118 cupit
1131 2054 1285 2118 impia
1317 2055 1504 2105 cladis!

120 2134 270 2198 digna
304 2134 539 2198 quidem:
576 2136 666 2183 sed
701 2135 823 2199 quid
859 2135 1023 2185 miseri
1059 2137 1270 2201 decepta
1306 2136 1466 2186 mariti

120 2233 269 2276 arma,
308 2216 429 2280 quid
464 2216 688 2266 insontes
723 2217 826 2266 nati
863 2233 1086 2268 meruere
1121 2220 1349 2268 furores?
1710 2239 1790 2282 305
1877 2251 1884 2254 <

190 2300 461 2361 Postquam
497 2298 671 2362 regalis
708 2300 880 2363 epulas
916 2308 966 2348 et
1000 2300 1182 2364 gaudia
1215 2299 1350 2364 vulgi

124 2378 308 2428 bisseni
344 2381 533 2437 clusere
569 2379 689 2440 dies,
730 2380 980 2430 Ismenius
1015 2382 1162 2430 heros

122 2460 364 2523 respicere
398 2462 463 2509 ad
500 2461 702 2510 Thebas
739 2461 939 2526 iamque
975 2471 1024 2512 et
1061 2480 1149 2512 sua
1185 2480 1419 2526 quaerere
1455 2480 1617 2527 regna.

123 2541 309 2605 quippe
344 2541 568 2590 animum
606 2542 739 2591 subit
775 2542 859 2591 illa
894 2543 1017 2604 dies,
1055 2560 1167 2608 qua,
1207 2554 1338 2593 sorte
1375 2543 1590 2608 benigna

120 2622 293 2684 fratris,
334 2622 579 2672 Echionia
613 2632 813 2677 steterat
848 2624 1065 2688 privatus
1100 2625 1152 2674 in
1187 2628 1313 2685 aula,
1689 2621 1794 2686 v310
1880 2615 1884 2643 ³

176 2754 256 2791 282
286 2758 375 2791 tum
395 2752 510 2792 BD:
540 2759 639 2792 tunc
667 2753 790 2804 PNQ
1001 2756 1082 2805 285
1110 2755 1227 2806 hyali
1250 2740 1395 2804 J0rtin'
1535 2724 1720 2804 perfudit
1747 2754 1791 2793 D

125 2820 205 2856 292
233 2807 370 2846 semel
398 2807 441 2846 P
603 2820 682 2858 295
712 2821 762 2847 ac
792 2808 869 2848 ΡΞ
977 2810 1124 2862 laude]
1147 2824 1203 2849 an
1234 2809 1412 2849 fraude?
1524 2811 1606 2860 296
1634 2809 1793 2859 largior

123 2861 215 2900 DN
241 2860 356 2910 <-on·
377 2867 468 2911 sup.
502 2875 586 2900 -ar-.
616 2862 714 2902 add.
735 2862 797 2915 N)
913 2864 1039 2915 ordo]
1076 2865 1120 2903 in
1147 2865 1195 2903 N
1212 2871 1345 2915 paene
1375 2876 1543 2903 erasum
1710 2877 1790 2914 297

124 2922 223 2956 tunc
243 2915 285 2954 P
303 2915 515 2957 Priscian:
547 2922 633 2955 tum
663 2916 732 2956 ωδ
895 2931 978 2969 309
1005 2918 1192 2969 benigna
1215 2919 1420 2970 (maligna
1443 2920 1672 2972 suprascr.)
1700 2917 1787 2957 DA
